{
  "ticker": "MCV",
  "data": [
    {
      "quarter": "Q3 2011",
      "income status": {
        "Net sales": 34028,
        "Cost of goods sold": 35150,
        "Gross Profit": -1122,
        "Financial expenses": 1005,
        "Of which: Interest expense": "N/A",
        "Cost of sales": "N/A",
        "Enterprise cost management": 3391,
        "Total Operating Expenses": 4396,
        "Total revenue financing activities": 2179,
        "Net profit from business activities": -3339,
        "Profit": 345,
        "Profit before tax": -2546,
        "Present corporate income tax expenses": 235,
        "Deferred income taxes expenses": "N/A",
        "The interests of minority shareholders": "N/A",
        "Total Cost of profits": 235,
        "Profit after tax corporate income": -3228,
        "Volume": 12061006,
        "Close of Quarter": 6.4,
        "EPS": 70,
        "Non-adjusted EPS": 70,
        "PE": 91.4,
        "Book Price": 16.5
      }
    },
    {
      "quarter": "Q2 2011",
      "income status": {
        "Net sales": 32048,
        "Cost of goods sold": 29997,
        "Gross Profit": 2051,
        "Financial expenses": 718,
        "Of which: Interest expense": "N/A",
        "Cost of sales": "N/A",
        "Enterprise cost management": 3530,
        "Total Operating Expenses": 4248,
        "Total revenue financing activities": 2505,
        "Net profit from business activities": 308,
        "Profit": "N/A",
        "Profit before tax": 308,
        "Present corporate income tax expenses": 176,
        "Deferred income taxes expenses": "N/A",
        "The interests of minority shareholders": "N/A",
        "Total Cost of profits": 176,
        "Profit after tax corporate income": 133,
        "Volume": 12061006,
        "Close of Quarter": 6.7,
        "EPS": 469,
        "Non-adjusted EPS": 469,
        "PE": 14.3,
        "Book Price": 17
      }
    },
    {
      "quarter": "Q1 2011",
      "income status": {
        "Net sales": 30663,
        "Cost of goods sold": 28720,
        "Gross Profit": 1943,
        "Financial expenses": 143,
        "Of which: Interest expense": "N/A",
        "Cost of sales": "N/A",
        "Enterprise cost management": 2240,
        "Total Operating Expenses": 2383,
        "Total revenue financing activities": 1626,
        "Net profit from business activities": 1186,
        "Profit": "N/A",
        "Profit before tax": 1186,
        "Present corporate income tax expenses": 297,
        "Deferred income taxes expenses": "N/A",
        "The interests of minority shareholders": "N/A",
        "Total Cost of profits": 297,
        "Profit after tax corporate income": 890,
        "Volume": 12061006,
        "Close of Quarter": 11.3,
        "EPS": 594,
        "Non-adjusted EPS": 594,
        "PE": 19.0,
        "Book Price": 17.2
      }
    },
    {
      "quarter": "Q4 2010",
      "income status": {
        "Net sales": 50743,
        "Cost of goods sold": 45528,
        "Gross Profit": 5214,
        "Financial expenses": 144,
        "Of which: Interest expense": "N/A",
        "Cost of sales": "N/A",
        "Enterprise cost management": 2141,
        "Total Operating Expenses": 2285,
        "Total revenue financing activities": 1137,
        "Net profit from business activities": 4066,
        "Profit": "N/A",
        "Profit before tax": 4066,
        "Present corporate income tax expenses": 1017,
        "Deferred income taxes expenses": "N/A",
        "The interests of minority shareholders": "N/A",
        "Total Cost of profits": 1017,
        "Profit after tax corporate income": 3050,
        "Volume": 12061006,
        "Close of Quarter": 14.7,
        "EPS": 777,
        "Non-adjusted EPS": 777,
        "PE": 18.9,
        "Book Price": 17.3
      }
    },
    {
      "quarter": "Q3 2010",
      "income status": {
        "Net sales": 37555,
        "Cost of goods sold": 33934,
        "Gross Profit": 3621,
        "Financial expenses": 73,
        "Of which: Interest expense": "N/A",
        "Cost of sales": "N/A",
        "Enterprise cost management": 2690,
        "Total Operating Expenses": 2763,
        "Total revenue financing activities": 1249,
        "Net profit from business activities": 2107,
        "Profit": "N/A",
        "Profit before tax": 2107,
        "Present corporate income tax expenses": 527,
        "Deferred income taxes expenses": "N/A",
        "The interests of minority shareholders": "N/A",
        "Total Cost of profits": 527,
        "Profit after tax corporate income": 1580,
        "Volume": 12061006,
        "Close of Quarter": 18.8,
        "EPS": 639,
        "Non-adjusted EPS": 639,
        "PE": 29.4,
        "Book Price": 17.1
      }
    },
    {
      "quarter": "Q2 2010",
      "income status": {
        "Net sales": 35065,
        "Cost of goods sold": 30504,
        "Gross Profit": 4561,
        "Financial expenses": 303,
        "Of which: Interest expense": "N/A",
        "Cost of sales": "N/A",
        "Enterprise cost management": 3551,
        "Total Operating Expenses": 3854,
        "Total revenue financing activities": 1493,
        "Net profit from business activities": 2200,
        "Profit": "N/A",
        "Profit before tax": 2200,
        "Present corporate income tax expenses": 550,
        "Deferred income taxes expenses": "N/A",
        "The interests of minority shareholders": "N/A",
        "Total Cost of profits": 550,
        "Profit after tax corporate income": 1650,
        "Volume": 8061006,
        "Close of Quarter": 27,
        "EPS": 709.1,
        "Non-adjusted EPS": 1061,
        "PE": 25.5,
        "Book Price": 17.1
      }
    },
    {
      "quarter": "Q1 2010",
      "income status": {
        "Net sales": 50750,
        "Cost of goods sold": 44390,
        "Gross Profit": 6360,
        "Financial expenses": 67,
        "Of which: Interest expense": "N/A",
        "Cost of sales": "N/A",
        "Enterprise cost management": 3168,
        "Total Operating Expenses": 3235,
        "Total revenue financing activities": 1005,
        "Net profit from business activities": 4130,
        "Profit": "N/A",
        "Profit before tax": 4130,
        "Present corporate income tax expenses": 1032,
        "Deferred income taxes expenses": "N/A",
        "The interests of minority shareholders": "N/A",
        "Total Cost of profits": 1032,
        "Profit after tax corporate income": 3097,
        "Volume": 8061006,
        "Close of Quarter": 26.9,
        "EPS": 769.3,
        "Non-adjusted EPS": 1151,
        "PE": 23.4,
        "Book Price": 16.8
      }
    },
    {
      "quarter": "Q4 2009",
      "income status": {
        "Net sales": 44850,
        "Cost of goods sold": 40694,
        "Gross Profit": 4156,
        "Financial expenses": 96,
        "Of which: Interest expense": "N/A",
        "Cost of sales": "N/A",
        "Enterprise cost management": 3491,
        "Total Operating Expenses": 3587,
        "Total revenue financing activities": 1080,
        "Net profit from business activities": 1649,
        "Profit": "N/A",
        "Profit before tax": 1649,
        "Present corporate income tax expenses": 264,
        "Deferred income taxes expenses": "N/A",
        "The interests of minority shareholders": "N/A",
        "Total Cost of profits": 264,
        "Profit after tax corporate income": 1384,
        "Volume": 8061006,
        "Close of Quarter": 18.2,
        "EPS": 700.4,
        "Non-adjusted EPS": 1048,
        "PE": 17.4,
        "Book Price": 11.0
      }
    },
    {
      "quarter": "Q3 2009",
      "income status": {
        "Net sales": 46604,
        "Cost of goods sold": 42591,
        "Gross Profit": 4013,
        "Financial expenses": 76,
        "Of which: Interest expense": 76,
        "Cost of sales": "N/A",
        "Enterprise cost management": 2133,
        "Total Operating Expenses": 2209,
        "Total revenue financing activities": 1128,
        "Net profit from business activities": 2932,
        "Profit": "N/A",
        "Profit before tax": 2932,
        "Present corporate income tax expenses": 513,
        "Deferred income taxes expenses": "N/A",
        "The interests of minority shareholders": "N/A",
        "Total Cost of profits": 513,
        "Profit after tax corporate income": 2419,
        "Volume": 8061006,
        "Close of Quarter": 17.3,
        "EPS": 769.9,
        "Non-adjusted EPS": 1152,
        "PE": 15.0,
        "Book Price": 11.3
      }
    },
    {
      "quarter": "Q2 2009",
      "income status": {
        "Net sales": 34421,
        "Cost of goods sold": 29519,
        "Gross Profit": 4902,
        "Financial expenses": 1484,
        "Of which: Interest expense": 1274,
        "Cost of sales": "N/A",
        "Enterprise cost management": 1985,
        "Total Operating Expenses": 3469,
        "Total revenue financing activities": 951,
        "Net profit from business activities": 2384,
        "Profit": 147,
        "Profit before tax": 2531,
        "Present corporate income tax expenses": 149,
        "Deferred income taxes expenses": "N/A",
        "The interests of minority shareholders": "N/A",
        "Total Cost of profits": 149,
        "Profit after tax corporate income": 2382,
        "Volume": 6889749,
        "Close of Quarter": 12.9,
        "EPS": 676.4,
        "Non-adjusted EPS": 1184,
        "PE": 10.9,
        "Book Price": 11.1
      }
    },
    {
      "quarter": "Q1 2009",
      "income status": {
        "Net sales": 27513,
        "Cost of goods sold": 22754,
        "Gross Profit": 4759,
        "Financial expenses": 1537,
        "Of which: Interest expense": 1537,
        "Cost of sales": "N/A",
        "Enterprise cost management": 2379,
        "Total Operating Expenses": 3916,
        "Total revenue financing activities": 2251,
        "Net profit from business activities": 3095,
        "Profit": "N/A",
        "Profit before tax": 3095,
        "Present corporate income tax expenses": 542,
        "Deferred income taxes expenses": 294,
        "The interests of minority shareholders": "N/A",
        "Total Cost of profits": 836,
        "Profit after tax corporate income": 2259,
        "Volume": 6889749,
        "Close of Quarter": 9.1,
        "EPS": 877.4,
        "Non-adjusted EPS": 1536,
        "PE": 5.9,
        "Book Price": 10.9
      }
    },
    {
      "quarter": "Q4 2008",
      "income status": {
        "Net sales": 17550,
        "Cost of goods sold": 12994,
        "Gross Profit": 4557,
        "Financial expenses": 68,
        "Of which: Interest expense": "N/A",
        "Cost of sales": "N/A",
        "Enterprise cost management": 2658,
        "Total Operating Expenses": 2726,
        "Total revenue financing activities": 799,
        "Net profit from business activities": 2629,
        "Profit": -35,
        "Profit before tax": 2594,
        "Present corporate income tax expenses": 370,
        "Deferred income taxes expenses": "N/A",
        "The interests of minority shareholders": "N/A",
        "Total Cost of profits": 370,
        "Profit after tax corporate income": 2224,
        "Volume": 6889749,
        "Close of Quarter": 8.2,
        "EPS": 862.6,
        "Non-adjusted EPS": 1510,
        "PE": 5.4,
        "Book Price": 10.8
      }
    },
    {
      "quarter": "Q3 2008",
      "income status": {
        "Net sales": 29523,
        "Cost of goods sold": 24964,
        "Gross Profit": 4559,
        "Financial expenses": 2175,
        "Of which: Interest expense": "N/A",
        "Cost of sales": "N/A",
        "Enterprise cost management": 1489,
        "Total Operating Expenses": 3664,
        "Total revenue financing activities": 607,
        "Net profit from business activities": 1502,
        "Profit": "N/A",
        "Profit before tax": 1502,
        "Present corporate income tax expenses": 210,
        "Deferred income taxes expenses": "N/A",
        "The interests of minority shareholders": "N/A",
        "Total Cost of profits": 210,
        "Profit after tax corporate income": 1291,
        "Volume": 6889749,
        "Close of Quarter": 12.2,
        "EPS": 952.3,
        "Non-adjusted EPS": 1667,
        "PE": 7.3,
        "Book Price": 10.6
      }
    },
    {
      "quarter": "Q2 2008",
      "income status": {
        "Net sales": 57600,
        "Cost of goods sold": 49325,
        "Gross Profit": 8275,
        "Financial expenses": 1679,
        "Of which: Interest expense": 1679,
        "Cost of sales": "N/A",
        "Enterprise cost management": 1664,
        "Total Operating Expenses": 3343,
        "Total revenue financing activities": 613,
        "Net profit from business activities": 5545,
        "Profit": 38,
        "Profit before tax": 5583,
        "Present corporate income tax expenses": 775,
        "Deferred income taxes expenses": "N/A",
        "The interests of minority shareholders": "N/A",
        "Total Cost of profits": 775,
        "Profit after tax corporate income": 4807,
        "Volume": 6889749,
        "Close of Quarter": 9.5,
        "EPS": 1047.7,
        "Non-adjusted EPS": 1834,
        "PE": 5.2,
        "Book Price": 10.6
      }
    },
    {
      "quarter": "Q1 2008",
      "income status": {
        "Net sales": 24384,
        "Cost of goods sold": 17614,
        "Gross Profit": 6770,
        "Financial expenses": 2949,
        "Of which: Interest expense": 2771,
        "Cost of sales": "N/A",
        "Enterprise cost management": 1715,
        "Total Operating Expenses": 4664,
        "Total revenue financing activities": 318,
        "Net profit from business activities": 2424,
        "Profit": "N/A",
        "Profit before tax": 2424,
        "Present corporate income tax expenses": 339,
        "Deferred income taxes expenses": "N/A",
        "The interests of minority shareholders": "N/A",
        "Total Cost of profits": 339,
        "Profit after tax corporate income": 2084,
        "Volume": 4600000,
        "Close of Quarter": 13.4,
        "EPS": 844.4,
        "Non-adjusted EPS": 2214,
        "PE": 6.0,
        "Book Price": 6.9
      }
    },
    {
      "quarter": "Q4 2007",
      "income status": {
        "Net sales": 61007,
        "Cost of goods sold": 51983,
        "Gross Profit": 9024,
        "Financial expenses": 5068,
        "Of which: Interest expense": "N/A",
        "Cost of sales": "N/A",
        "Enterprise cost management": 1015,
        "Total Operating Expenses": 6083,
        "Total revenue financing activities": 1416,
        "Net profit from business activities": 4358,
        "Profit": -518,
        "Profit before tax": 3839,
        "Present corporate income tax expenses": 538,
        "Deferred income taxes expenses": "N/A",
        "The interests of minority shareholders": "N/A",
        "Total Cost of profits": 538,
        "Profit after tax corporate income": 3302,
        "Volume": 4600000,
        "Close of Quarter": 24.3,
        "EPS": 810.1,
        "Non-adjusted EPS": 2124,
        "PE": 11.4,
        "Book Price": 6.8
      }
    },
    {
      "quarter": "Q3 2007",
      "income status": {
        "Net sales": 20982,
        "Cost of goods sold": 14482,
        "Gross Profit": 6500,
        "Financial expenses": 2666,
        "Of which: Interest expense": 2666,
        "Cost of sales": "N/A",
        "Enterprise cost management": 1120,
        "Total Operating Expenses": 3786,
        "Total revenue financing activities": 14,
        "Net profit from business activities": 2728,
        "Profit": 110,
        "Profit before tax": 2838,
        "Present corporate income tax expenses": 397,
        "Deferred income taxes expenses": "N/A",
        "The interests of minority shareholders": "N/A",
        "Total Cost of profits": 397,
        "Profit after tax corporate income": 2441,
        "Volume": 4600000,
        "Close of Quarter": 27.1,
        "EPS": 609.1,
        "Non-adjusted EPS": 1597,
        "PE": 17.0,
        "Book Price": 6.5
      }
    },
    {
      "quarter": "Q2 2007",
      "income status": {
        "Net sales": 24912,
        "Cost of goods sold": 18816,
        "Gross Profit": 6096,
        "Financial expenses": 2557,
        "Of which: Interest expense": 2557,
        "Cost of sales": "N/A",
        "Enterprise cost management": 1121,
        "Total Operating Expenses": 3678,
        "Total revenue financing activities": 322,
        "Net profit from business activities": 2741,
        "Profit": "N/A",
        "Profit before tax": 2741,
        "Present corporate income tax expenses": 384,
        "Deferred income taxes expenses": "N/A",
        "The interests of minority shareholders": "N/A",
        "Total Cost of profits": 384,
        "Profit after tax corporate income": 2357,
        "Volume": 4600000,
        "Close of Quarter": 26.7,
        "EPS": 631.6,
        "Non-adjusted EPS": 1656,
        "PE": 16.2,
        "Book Price": 6.3
      }
    },
    {
      "quarter": "Q1 2007",
      "income status": {
        "Net sales": 20367,
        "Cost of goods sold": 15715,
        "Gross Profit": 4651,
        "Financial expenses": 2368,
        "Of which: Interest expense": 2368,
        "Cost of sales": "N/A",
        "Enterprise cost management": 760,
        "Total Operating Expenses": 3128,
        "Total revenue financing activities": 417,
        "Net profit from business activities": 1941,
        "Profit": "N/A",
        "Profit before tax": 1941,
        "Present corporate income tax expenses": 272,
        "Deferred income taxes expenses": "N/A",
        "The interests of minority shareholders": "N/A",
        "Total Cost of profits": 272,
        "Profit after tax corporate income": 1669,
        "Volume": 3100000,
        "Close of Quarter": 30.2,
        "EPS": 442.1,
        "Non-adjusted EPS": 1720,
        "PE": 17.5,
        "Book Price": 3.0
      }
    },
    {
      "quarter": "Q4 2006",
      "income status": {
        "Net sales": 10363,
        "Cost of goods sold": 6810,
        "Gross Profit": 3553,
        "Financial expenses": 1632,
        "Of which: Interest expense": 1632,
        "Cost of sales": "N/A",
        "Enterprise cost management": 710,
        "Total Operating Expenses": 2342,
        "Total revenue financing activities": 9,
        "Net profit from business activities": 1221,
        "Profit": "N/A",
        "Profit before tax": 1221,
        "Present corporate income tax expenses": 342,
        "Deferred income taxes expenses": "N/A",
        "The interests of minority shareholders": "N/A",
        "Total Cost of profits": 342,
        "Profit after tax corporate income": 879,
        "Volume": 3100000,
        "Close of Quarter": 29.0,
        "EPS": 303.8,
        "Non-adjusted EPS": 1182,
        "PE": 24.5,
        "Book Price": 2.9
      }
    },
    {
      "quarter": "Q3 2006",
      "income status": {
        "Net sales": 34073,
        "Cost of goods sold": 29281,
        "Gross Profit": 4792,
        "Financial expenses": 602,
        "Of which: Interest expense": 602,
        "Cost of sales": "N/A",
        "Enterprise cost management": 481,
        "Total Operating Expenses": 1083,
        "Total revenue financing activities": 10,
        "Net profit from business activities": 3719,
        "Profit": 46,
        "Profit before tax": 3765,
        "Present corporate income tax expenses": 1054,
        "Deferred income taxes expenses": "N/A",
        "The interests of minority shareholders": "N/A",
        "Total Cost of profits": 1054,
        "Profit after tax corporate income": 2711,
        "Volume": 3100000,
        "Close of Quarter": "N/A",
        "EPS": 230.8,
        "Non-adjusted EPS": 898,
        "PE": "N/A",
        "Book Price": 2.9
      }
    },
    {
      "quarter": "Q2 2006",
      "income status": {
        "Net sales": 5087,
        "Cost of goods sold": 4906,
        "Gross Profit": 181,
        "Financial expenses": 272,
        "Of which: Interest expense": 272,
        "Cost of sales": "N/A",
        "Enterprise cost management": 215,
        "Total Operating Expenses": 487,
        "Total revenue financing activities": 54,
        "Net profit from business activities": -252,
        "Profit": 355,
        "Profit before tax": 103,
        "Present corporate income tax expenses": 29,
        "Deferred income taxes expenses": "N/A",
        "The interests of minority shareholders": "N/A",
        "Total Cost of profits": 29,
        "Profit after tax corporate income": 74,
        "Volume": 3100000,
        "Close of Quarter": "N/A",
        "EPS": 6.2,
        "Non-adjusted EPS": 24,
        "PE": "N/A",
        "Book Price": 2.6
      }
    }
  ]
}