{
  "ticker": "TVS",
  "data": [
    {
      "quarter": "Q1 2017",
      "income status": {
        "Net sales": 103627,
        "Cost of goods sold": 28372,
        "Gross Profit": "N/A",
        "Financial expenses": "N/A",
        "Of which: Interest expense": "N/A",
        "Cost of sales": "N/A",
        "Enterprise cost management": 4700,
        "Total Operating Expenses": 4700,
        "Total revenue financing activities": "N/A",
        "Net profit from business activities": "N/A",
        "Profit": "N/A",
        "Profit before tax": 61135,
        "Present corporate income tax expenses": 8501,
        "Deferred income taxes expenses": 8501,
        "The interests of minority shareholders": 2,
        "Total Cost of profits": 17004,
        "Profit after tax corporate income": 52632,
        "Volume": 50787756,
        "Close of Quarter": 8.7,
        "EPS": 1887,
        "Non-adjusted EPS": 1887,
        "PE": 4.6,
        "Book Price": 13
      }
    },
    {
      "quarter": "Q4 2016",
      "income status": {
        "Net sales": 52470,
        "Cost of goods sold": 31894,
        "Gross Profit": "N/A",
        "Financial expenses": "N/A",
        "Of which: Interest expense": "N/A",
        "Cost of sales": 8452,
        "Enterprise cost management": 7472,
        "Total Operating Expenses": 15924,
        "Total revenue financing activities": "N/A",
        "Net profit from business activities": 7223,
        "Profit": "N/A",
        "Profit before tax": 24685,
        "Present corporate income tax expenses": 5021,
        "Deferred income taxes expenses": 5283,
        "The interests of minority shareholders": "N/A",
        "Total Cost of profits": 10304,
        "Profit after tax corporate income": 19402,
        "Volume": 49358756,
        "Close of Quarter": 9.6,
        "EPS": 1214.8,
        "Non-adjusted EPS": 1250,
        "PE": 7.7,
        "Book Price": 12.0
      }
    },
    {
      "quarter": "Q3 2016",
      "income status": {
        "Net sales": 35713,
        "Cost of goods sold": 17568,
        "Gross Profit": "N/A",
        "Financial expenses": "N/A",
        "Of which: Interest expense": "N/A",
        "Cost of sales": 3330,
        "Enterprise cost management": 3746,
        "Total Operating Expenses": 7076,
        "Total revenue financing activities": "N/A",
        "Net profit from business activities": 2771,
        "Profit": 8566,
        "Profit before tax": 14958,
        "Present corporate income tax expenses": 2244,
        "Deferred income taxes expenses": 2244,
        "The interests of minority shareholders": "N/A",
        "Total Cost of profits": 4488,
        "Profit after tax corporate income": 12714,
        "Volume": 47929756,
        "Close of Quarter": 9.9,
        "EPS": 1067.4,
        "Non-adjusted EPS": 1131,
        "PE": 8.8,
        "Book Price": 11.2
      }
    },
    {
      "quarter": "Q2 2016",
      "income status": {
        "Net sales": 41514,
        "Cost of goods sold": 26786,
        "Gross Profit": "N/A",
        "Financial expenses": "N/A",
        "Of which: Interest expense": "N/A",
        "Cost of sales": 14276,
        "Enterprise cost management": 4483,
        "Total Operating Expenses": 18759,
        "Total revenue financing activities": "N/A",
        "Net profit from business activities": 10632,
        "Profit": 6386,
        "Profit before tax": 12477,
        "Present corporate income tax expenses": 1386,
        "Deferred income taxes expenses": 1386,
        "The interests of minority shareholders": 11,
        "Total Cost of profits": 2783,
        "Profit after tax corporate income": 11080,
        "Volume": 46623258,
        "Close of Quarter": 11.5,
        "EPS": 1444.9,
        "Non-adjusted EPS": 1574,
        "PE": 7.3,
        "Book Price": 11.0
      }
    },
    {
      "quarter": "Q1 2016",
      "income status": {
        "Net sales": 33292,
        "Cost of goods sold": 5708,
        "Gross Profit": "N/A",
        "Financial expenses": "N/A",
        "Of which: Interest expense": "N/A",
        "Cost of sales": 450,
        "Enterprise cost management": 4510,
        "Total Operating Expenses": 4960,
        "Total revenue financing activities": "N/A",
        "Net profit from business activities": "N/A",
        "Profit": "N/A",
        "Profit before tax": 22821,
        "Present corporate income tax expenses": 4331,
        "Deferred income taxes expenses": 4331,
        "The interests of minority shareholders": "N/A",
        "Total Cost of profits": 8662,
        "Profit after tax corporate income": 18491,
        "Volume": 43573138,
        "Close of Quarter": 11.6,
        "EPS": 1437.9,
        "Non-adjusted EPS": 1676,
        "PE": 6.9,
        "Book Price": 10.9
      }
    },
    {
      "quarter": "Q4 2015",
      "income status": {
        "Net sales": 38557,
        "Cost of goods sold": 14232,
        "Gross Profit": 24326,
        "Financial expenses": "N/A",
        "Of which: Interest expense": "N/A",
        "Cost of sales": "N/A",
        "Enterprise cost management": 6748,
        "Total Operating Expenses": 6748,
        "Total revenue financing activities": "N/A",
        "Net profit from business activities": 17578,
        "Profit": -486,
        "Profit before tax": 17092,
        "Present corporate income tax expenses": 5515,
        "Deferred income taxes expenses": 5182,
        "The interests of minority shareholders": "N/A",
        "Total Cost of profits": 10697,
        "Profit after tax corporate income": 11910,
        "Volume": 43343888,
        "Close of Quarter": 10.8,
        "EPS": 1756.4,
        "Non-adjusted EPS": 2058,
        "PE": 5.3,
        "Book Price": 11.3
      }
    },
    {
      "quarter": "Q3 2015",
      "income status": {
        "Net sales": 65165,
        "Cost of goods sold": 25686,
        "Gross Profit": 39479,
        "Financial expenses": "N/A",
        "Of which: Interest expense": "N/A",
        "Cost of sales": "N/A",
        "Enterprise cost management": 3950,
        "Total Operating Expenses": 3950,
        "Total revenue financing activities": "N/A",
        "Net profit from business activities": 35529,
        "Profit": 3945,
        "Profit before tax": 39473,
        "Present corporate income tax expenses": 7568,
        "Deferred income taxes expenses": 7568,
        "The interests of minority shareholders": "N/A",
        "Total Cost of profits": 15136,
        "Profit after tax corporate income": 31906,
        "Volume": 43343888,
        "Close of Quarter": 10.2,
        "EPS": 1646.3,
        "Non-adjusted EPS": 1929,
        "PE": 5.3,
        "Book Price": 11.1
      }
    },
    {
      "quarter": "Q2 2015",
      "income status": {
        "Net sales": 32120,
        "Cost of goods sold": 15512,
        "Gross Profit": 16609,
        "Financial expenses": "N/A",
        "Of which: Interest expense": "N/A",
        "Cost of sales": "N/A",
        "Enterprise cost management": 4307,
        "Total Operating Expenses": 4307,
        "Total revenue financing activities": "N/A",
        "Net profit from business activities": 12302,
        "Profit": 308,
        "Profit before tax": 12610,
        "Present corporate income tax expenses": 1548,
        "Deferred income taxes expenses": 1881,
        "The interests of minority shareholders": "N/A",
        "Total Cost of profits": 3429,
        "Profit after tax corporate income": 10729,
        "Volume": 38700000,
        "Close of Quarter": 9.3,
        "EPS": 1558.3,
        "Non-adjusted EPS": 2045,
        "PE": 4.5,
        "Book Price": 10.4
      }
    },
    {
      "quarter": "Q1 2015",
      "income status": {
        "Net sales": 71059,
        "Cost of goods sold": 23795,
        "Gross Profit": 47264,
        "Financial expenses": "N/A",
        "Of which: Interest expense": "N/A",
        "Cost of sales": "N/A",
        "Enterprise cost management": 3433,
        "Total Operating Expenses": 3433,
        "Total revenue financing activities": "N/A",
        "Net profit from business activities": 43830,
        "Profit": 11,
        "Profit before tax": 43841,
        "Present corporate income tax expenses": 9182,
        "Deferred income taxes expenses": 9182,
        "The interests of minority shareholders": "N/A",
        "Total Cost of profits": 18364,
        "Profit after tax corporate income": 34659,
        "Volume": 38700000,
        "Close of Quarter": 8.8,
        "EPS": 1595.6,
        "Non-adjusted EPS": 2094,
        "PE": 4.2,
        "Book Price": 10.7
      }
    },
    {
      "quarter": "Q4 2014",
      "income status": {
        "Net sales": 24965,
        "Cost of goods sold": 10471,
        "Gross Profit": 14495,
        "Financial expenses": "N/A",
        "Of which: Interest expense": "N/A",
        "Cost of sales": "N/A",
        "Enterprise cost management": 6595,
        "Total Operating Expenses": 6595,
        "Total revenue financing activities": "N/A",
        "Net profit from business activities": 7900,
        "Profit": "N/A",
        "Profit before tax": 7900,
        "Present corporate income tax expenses": 389,
        "Deferred income taxes expenses": 1563,
        "The interests of minority shareholders": "N/A",
        "Total Cost of profits": 1952,
        "Profit after tax corporate income": 6337,
        "Volume": 43000000,
        "Close of Quarter": "N/A",
        "EPS": 1555.3,
        "Non-adjusted EPS": 1837,
        "PE": "N/A",
        "Book Price": 10.1
      }
    },
    {
      "quarter": "Q3 2014",
      "income status": {
        "Net sales": 64431,
        "Cost of goods sold": 26707,
        "Gross Profit": 37724,
        "Financial expenses": "N/A",
        "Of which: Interest expense": "N/A",
        "Cost of sales": "N/A",
        "Enterprise cost management": 2973,
        "Total Operating Expenses": 2973,
        "Total revenue financing activities": "N/A",
        "Net profit from business activities": 34751,
        "Profit": "N/A",
        "Profit before tax": 34751,
        "Present corporate income tax expenses": 7339,
        "Deferred income taxes expenses": 7339,
        "The interests of minority shareholders": "N/A",
        "Total Cost of profits": 14678,
        "Profit after tax corporate income": 27412,
        "Volume": 43000000,
        "Close of Quarter": "N/A",
        "EPS": 1430.9,
        "Non-adjusted EPS": 1690,
        "PE": "N/A",
        "Book Price": 10.0
      }
    },
    {
      "quarter": "Q2 2014",
      "income status": {
        "Net sales": 34359,
        "Cost of goods sold": 16581,
        "Gross Profit": 17778,
        "Financial expenses": "N/A",
        "Of which: Interest expense": "N/A",
        "Cost of sales": "N/A",
        "Enterprise cost management": 3309,
        "Total Operating Expenses": 3309,
        "Total revenue financing activities": "N/A",
        "Net profit from business activities": 14469,
        "Profit": -1,
        "Profit before tax": 14468,
        "Present corporate income tax expenses": 1624,
        "Deferred income taxes expenses": 1858,
        "The interests of minority shareholders": "N/A",
        "Total Cost of profits": 3482,
        "Profit after tax corporate income": 12611,
        "Volume": 43000000,
        "Close of Quarter": "N/A",
        "EPS": 890.7,
        "Non-adjusted EPS": 1052,
        "PE": "N/A",
        "Book Price": 9.4
      }
    },
    {
      "quarter": "Q1 2014",
      "income status": {
        "Net sales": 51851,
        "Cost of goods sold": 7094,
        "Gross Profit": 44757,
        "Financial expenses": "N/A",
        "Of which: Interest expense": "N/A",
        "Cost of sales": "N/A",
        "Enterprise cost management": 2942,
        "Total Operating Expenses": 2942,
        "Total revenue financing activities": "N/A",
        "Net profit from business activities": 41815,
        "Profit": "N/A",
        "Profit before tax": 41815,
        "Present corporate income tax expenses": 9168,
        "Deferred income taxes expenses": 9168,
        "The interests of minority shareholders": "N/A",
        "Total Cost of profits": 18336,
        "Profit after tax corporate income": 32646,
        "Volume": 43000000,
        "Close of Quarter": "N/A",
        "EPS": 642.6,
        "Non-adjusted EPS": 759,
        "PE": "N/A",
        "Book Price": 10.0
      }
    }
  ]
}