{
  "ticker": "VND",
  "data": [
    {
      "quarter": "Q1 2017",
      "income status": {
        "Net sales": 379014,
        "Cost of goods sold": 37939,
        "Gross Profit": "N/A",
        "Financial expenses": "N/A",
        "Of which: Interest expense": "N/A",
        "Cost of sales": "N/A",
        "Enterprise cost management": 53597,
        "Total Operating Expenses": 53597,
        "Total revenue financing activities": "N/A",
        "Net profit from business activities": "N/A",
        "Profit": "N/A",
        "Profit before tax": 245534,
        "Present corporate income tax expenses": 22716,
        "Deferred income taxes expenses": 22716,
        "The interests of minority shareholders": "N/A",
        "Total Cost of profits": 45432,
        "Profit after tax corporate income": 222819,
        "Volume": 154998165,
        "Close of Quarter": 15,
        "EPS": 2453,
        "Non-adjusted EPS": 2453,
        "PE": 6.1,
        "Book Price": 13.8
      }
    },
    {
      "quarter": "Q4 2016",
      "income status": {
        "Net sales": 164303,
        "Cost of goods sold": 53346,
        "Gross Profit": "N/A",
        "Financial expenses": "N/A",
        "Of which: Interest expense": "N/A",
        "Cost of sales": 19203,
        "Enterprise cost management": 67486,
        "Total Operating Expenses": 86689,
        "Total revenue financing activities": "N/A",
        "Net profit from business activities": 3955,
        "Profit": 2314,
        "Profit before tax": 51043,
        "Present corporate income tax expenses": 12964,
        "Deferred income taxes expenses": 12964,
        "The interests of minority shareholders": "N/A",
        "Total Cost of profits": 25928,
        "Profit after tax corporate income": 38079,
        "Volume": 154998165,
        "Close of Quarter": 13.1,
        "EPS": 1198,
        "Non-adjusted EPS": 1198,
        "PE": 10.9,
        "Book Price": 12.6
      }
    },
    {
      "quarter": "Q3 2016",
      "income status": {
        "Net sales": 160987,
        "Cost of goods sold": 51820,
        "Gross Profit": "N/A",
        "Financial expenses": "N/A",
        "Of which: Interest expense": "N/A",
        "Cost of sales": 9252,
        "Enterprise cost management": 48037,
        "Total Operating Expenses": 57289,
        "Total revenue financing activities": "N/A",
        "Net profit from business activities": 869,
        "Profit": 1047,
        "Profit before tax": 67415,
        "Present corporate income tax expenses": 13230,
        "Deferred income taxes expenses": 13230,
        "The interests of minority shareholders": "N/A",
        "Total Cost of profits": 26460,
        "Profit after tax corporate income": 54185,
        "Volume": 154998165,
        "Close of Quarter": 14,
        "EPS": 1336,
        "Non-adjusted EPS": 1336,
        "PE": 10.5,
        "Book Price": 12.5
      }
    },
    {
      "quarter": "Q2 2016",
      "income status": {
        "Net sales": 232522,
        "Cost of goods sold": 60638,
        "Gross Profit": "N/A",
        "Financial expenses": "N/A",
        "Of which: Interest expense": "N/A",
        "Cost of sales": 17389,
        "Enterprise cost management": 43692,
        "Total Operating Expenses": 61081,
        "Total revenue financing activities": "N/A",
        "Net profit from business activities": -50716,
        "Profit": 11169,
        "Profit before tax": 72670,
        "Present corporate income tax expenses": 7609,
        "Deferred income taxes expenses": 7609,
        "The interests of minority shareholders": "N/A",
        "Total Cost of profits": 15218,
        "Profit after tax corporate income": 65060,
        "Volume": 154998165,
        "Close of Quarter": 11.3,
        "EPS": 1284,
        "Non-adjusted EPS": 1284,
        "PE": 8.8,
        "Book Price": 12.7
      }
    },
    {
      "quarter": "Q1 2016",
      "income status": {
        "Net sales": 107736,
        "Cost of goods sold": 30171,
        "Gross Profit": "N/A",
        "Financial expenses": "N/A",
        "Of which: Interest expense": "N/A",
        "Cost of sales": 7413,
        "Enterprise cost management": 45476,
        "Total Operating Expenses": 52889,
        "Total revenue financing activities": "N/A",
        "Net profit from business activities": -2278,
        "Profit": "N/A",
        "Profit before tax": 36042,
        "Present corporate income tax expenses": 7641,
        "Deferred income taxes expenses": 7641,
        "The interests of minority shareholders": "N/A",
        "Total Cost of profits": 15282,
        "Profit after tax corporate income": 28401,
        "Volume": 154998165,
        "Close of Quarter": 10.7,
        "EPS": 1097,
        "Non-adjusted EPS": 1097,
        "PE": 9.7,
        "Book Price": 12.7
      }
    },
    {
      "quarter": "Q4 2015",
      "income status": {
        "Net sales": 157480,
        "Cost of goods sold": 31133,
        "Gross Profit": 126348,
        "Financial expenses": "N/A",
        "Of which: Interest expense": "N/A",
        "Cost of sales": "N/A",
        "Enterprise cost management": 51337,
        "Total Operating Expenses": 51337,
        "Total revenue financing activities": "N/A",
        "Net profit from business activities": 75011,
        "Profit": 76,
        "Profit before tax": 75087,
        "Present corporate income tax expenses": 15674,
        "Deferred income taxes expenses": 15674,
        "The interests of minority shareholders": "N/A",
        "Total Cost of profits": 31348,
        "Profit after tax corporate income": 59413,
        "Volume": 154998165,
        "Close of Quarter": 11.6,
        "EPS": 1173,
        "Non-adjusted EPS": 1173,
        "PE": 9.9,
        "Book Price": 12.5
      }
    },
    {
      "quarter": "Q3 2015",
      "income status": {
        "Net sales": 155557,
        "Cost of goods sold": 56058,
        "Gross Profit": 99500,
        "Financial expenses": "N/A",
        "Of which: Interest expense": "N/A",
        "Cost of sales": "N/A",
        "Enterprise cost management": 41559,
        "Total Operating Expenses": 41559,
        "Total revenue financing activities": "N/A",
        "Net profit from business activities": 57940,
        "Profit": 255,
        "Profit before tax": 58195,
        "Present corporate income tax expenses": 12003,
        "Deferred income taxes expenses": 12003,
        "The interests of minority shareholders": "N/A",
        "Total Cost of profits": 24006,
        "Profit after tax corporate income": 46192,
        "Volume": 154998165,
        "Close of Quarter": 12.1,
        "EPS": 1023,
        "Non-adjusted EPS": 1023,
        "PE": 11.8,
        "Book Price": 12.1
      }
    },
    {
      "quarter": "Q2 2015",
      "income status": {
        "Net sales": 115822,
        "Cost of goods sold": 32723,
        "Gross Profit": 83099,
        "Financial expenses": "N/A",
        "Of which: Interest expense": "N/A",
        "Cost of sales": "N/A",
        "Enterprise cost management": 37964,
        "Total Operating Expenses": 37964,
        "Total revenue financing activities": "N/A",
        "Net profit from business activities": 45135,
        "Profit": 35,
        "Profit before tax": 45171,
        "Present corporate income tax expenses": 9077,
        "Deferred income taxes expenses": 9077,
        "The interests of minority shareholders": "N/A",
        "Total Cost of profits": 18154,
        "Profit after tax corporate income": 36094,
        "Volume": 154998165,
        "Close of Quarter": 13.5,
        "EPS": 1005,
        "Non-adjusted EPS": 1005,
        "PE": 13.4,
        "Book Price": 11.8
      }
    },
    {
      "quarter": "Q1 2015",
      "income status": {
        "Net sales": 105263,
        "Cost of goods sold": 23541,
        "Gross Profit": 81723,
        "Financial expenses": "N/A",
        "Of which: Interest expense": "N/A",
        "Cost of sales": "N/A",
        "Enterprise cost management": 36740,
        "Total Operating Expenses": 36740,
        "Total revenue financing activities": "N/A",
        "Net profit from business activities": 44983,
        "Profit": 3617,
        "Profit before tax": 48600,
        "Present corporate income tax expenses": 8521,
        "Deferred income taxes expenses": 8521,
        "The interests of minority shareholders": "N/A",
        "Total Cost of profits": 17042,
        "Profit after tax corporate income": 40079,
        "Volume": 154998165,
        "Close of Quarter": 10.0,
        "EPS": 975,
        "Non-adjusted EPS": 975,
        "PE": 10.2,
        "Book Price": 12.1
      }
    },
    {
      "quarter": "Q4 2014",
      "income status": {
        "Net sales": 121474,
        "Cost of goods sold": 37874,
        "Gross Profit": 83601,
        "Financial expenses": "N/A",
        "Of which: Interest expense": "N/A",
        "Cost of sales": "N/A",
        "Enterprise cost management": 40188,
        "Total Operating Expenses": 40188,
        "Total revenue financing activities": "N/A",
        "Net profit from business activities": 43413,
        "Profit": 1970,
        "Profit before tax": 45382,
        "Present corporate income tax expenses": 9227,
        "Deferred income taxes expenses": 9227,
        "The interests of minority shareholders": "N/A",
        "Total Cost of profits": 18454,
        "Profit after tax corporate income": 36155,
        "Volume": 99999000,
        "Close of Quarter": 11.6,
        "EPS": 1014.8,
        "Non-adjusted EPS": 1573,
        "PE": 7.4,
        "Book Price": 11.9
      }
    },
    {
      "quarter": "Q3 2014",
      "income status": {
        "Net sales": 114250,
        "Cost of goods sold": 28878,
        "Gross Profit": 85372,
        "Financial expenses": "N/A",
        "Of which: Interest expense": "N/A",
        "Cost of sales": "N/A",
        "Enterprise cost management": 32189,
        "Total Operating Expenses": 32189,
        "Total revenue financing activities": "N/A",
        "Net profit from business activities": 53183,
        "Profit": -81,
        "Profit before tax": 53102,
        "Present corporate income tax expenses": 9653,
        "Deferred income taxes expenses": 9653,
        "The interests of minority shareholders": "N/A",
        "Total Cost of profits": 19306,
        "Profit after tax corporate income": 43449,
        "Volume": 99999000,
        "Close of Quarter": 12.7,
        "EPS": 825.8,
        "Non-adjusted EPS": 1280,
        "PE": 9.9,
        "Book Price": 8.5
      }
    },
    {
      "quarter": "Q2 2014",
      "income status": {
        "Net sales": 94998,
        "Cost of goods sold": 27909,
        "Gross Profit": 67090,
        "Financial expenses": "N/A",
        "Of which: Interest expense": "N/A",
        "Cost of sales": "N/A",
        "Enterprise cost management": 32790,
        "Total Operating Expenses": 32790,
        "Total revenue financing activities": "N/A",
        "Net profit from business activities": 34300,
        "Profit": 253,
        "Profit before tax": 34553,
        "Present corporate income tax expenses": -12983,
        "Deferred income taxes expenses": 3164,
        "The interests of minority shareholders": "N/A",
        "Total Cost of profits": -9819,
        "Profit after tax corporate income": 31389,
        "Volume": 99999000,
        "Close of Quarter": 13.0,
        "EPS": 692.9,
        "Non-adjusted EPS": 1074,
        "PE": 12.1,
        "Book Price": 7.9
      }
    },
    {
      "quarter": "Q1 2014",
      "income status": {
        "Net sales": 104568,
        "Cost of goods sold": 22329,
        "Gross Profit": 82239,
        "Financial expenses": "N/A",
        "Of which: Interest expense": "N/A",
        "Cost of sales": "N/A",
        "Enterprise cost management": 23135,
        "Total Operating Expenses": 23135,
        "Total revenue financing activities": "N/A",
        "Net profit from business activities": 59104,
        "Profit": 233,
        "Profit before tax": 59337,
        "Present corporate income tax expenses": 12983,
        "Deferred income taxes expenses": 12983,
        "The interests of minority shareholders": "N/A",
        "Total Cost of profits": 25966,
        "Profit after tax corporate income": 46354,
        "Volume": 99999000,
        "Close of Quarter": 13.6,
        "EPS": 925.8,
        "Non-adjusted EPS": 1435,
        "PE": 9.5,
        "Book Price": 8
      }
    },
    {
      "quarter": "Q4 2013",
      "income status": {
        "Net sales": 72267,
        "Cost of goods sold": 44973,
        "Gross Profit": 27294,
        "Financial expenses": "N/A",
        "Of which: Interest expense": "N/A",
        "Cost of sales": "N/A",
        "Enterprise cost management": 26733,
        "Total Operating Expenses": 26733,
        "Total revenue financing activities": "N/A",
        "Net profit from business activities": 561,
        "Profit": 134,
        "Profit before tax": 695,
        "Present corporate income tax expenses": -6086,
        "Deferred income taxes expenses": -6086,
        "The interests of minority shareholders": "N/A",
        "Total Cost of profits": -12172,
        "Profit after tax corporate income": 6781,
        "Volume": 99999000,
        "Close of Quarter": 7.8,
        "EPS": 802.6,
        "Non-adjusted EPS": 1244,
        "PE": 6.3,
        "Book Price": 7.7
      }
    },
    {
      "quarter": "Q3 2013",
      "income status": {
        "Net sales": 51353,
        "Cost of goods sold": 2726,
        "Gross Profit": 48627,
        "Financial expenses": "N/A",
        "Of which: Interest expense": "N/A",
        "Cost of sales": "N/A",
        "Enterprise cost management": 20686,
        "Total Operating Expenses": 20686,
        "Total revenue financing activities": "N/A",
        "Net profit from business activities": 27941,
        "Profit": 104,
        "Profit before tax": 28046,
        "Present corporate income tax expenses": 5156,
        "Deferred income taxes expenses": 5156,
        "The interests of minority shareholders": "N/A",
        "Total Cost of profits": 10312,
        "Profit after tax corporate income": 22890,
        "Volume": 99999000,
        "Close of Quarter": 6.3,
        "EPS": 815.5,
        "Non-adjusted EPS": 1264,
        "PE": 5.0,
        "Book Price": 7.9
      }
    },
    {
      "quarter": "Q2 2013",
      "income status": {
        "Net sales": 72030,
        "Cost of goods sold": -22540,
        "Gross Profit": 94570,
        "Financial expenses": "N/A",
        "Of which: Interest expense": "N/A",
        "Cost of sales": "N/A",
        "Enterprise cost management": 17824,
        "Total Operating Expenses": 17824,
        "Total revenue financing activities": "N/A",
        "Net profit from business activities": 76746,
        "Profit": 242,
        "Profit before tax": 76989,
        "Present corporate income tax expenses": 9508,
        "Deferred income taxes expenses": "N/A",
        "The interests of minority shareholders": "N/A",
        "Total Cost of profits": 9508,
        "Profit after tax corporate income": 67481,
        "Volume": 99999000,
        "Close of Quarter": 6.9,
        "EPS": 732.9,
        "Non-adjusted EPS": 1136,
        "PE": 6.0,
        "Book Price": 7.7
      }
    },
    {
      "quarter": "Q1 2013",
      "income status": {
        "Net sales": 62335,
        "Cost of goods sold": 17486,
        "Gross Profit": 44849,
        "Financial expenses": "N/A",
        "Of which: Interest expense": "N/A",
        "Cost of sales": "N/A",
        "Enterprise cost management": 18201,
        "Total Operating Expenses": 18201,
        "Total revenue financing activities": "N/A",
        "Net profit from business activities": 26648,
        "Profit": 627,
        "Profit before tax": 27276,
        "Present corporate income tax expenses": "N/A",
        "Deferred income taxes expenses": "N/A",
        "The interests of minority shareholders": "N/A",
        "Total Cost of profits": 0,
        "Profit after tax corporate income": 27276,
        "Volume": 99999000,
        "Close of Quarter": 6.7,
        "EPS": 488.4,
        "Non-adjusted EPS": 757,
        "PE": 8.9,
        "Book Price": 7.3
      }
    },
    {
      "quarter": "Q4 2012",
      "income status": {
        "Net sales": 43073,
        "Cost of goods sold": 17308,
        "Gross Profit": 25765,
        "Financial expenses": "N/A",
        "Of which: Interest expense": "N/A",
        "Cost of sales": "N/A",
        "Enterprise cost management": 17093,
        "Total Operating Expenses": 17093,
        "Total revenue financing activities": "N/A",
        "Net profit from business activities": 8672,
        "Profit": 108,
        "Profit before tax": 8780,
        "Present corporate income tax expenses": "N/A",
        "Deferred income taxes expenses": "N/A",
        "The interests of minority shareholders": "N/A",
        "Total Cost of profits": 0,
        "Profit after tax corporate income": 8780,
        "Volume": 99999000,
        "Close of Quarter": 7.2,
        "EPS": 509.0,
        "Non-adjusted EPS": 789,
        "PE": 9.1,
        "Book Price": 7.1
      }
    },
    {
      "quarter": "Q3 2012",
      "income status": {
        "Net sales": 50289,
        "Cost of goods sold": 24601,
        "Gross Profit": 25688,
        "Financial expenses": "N/A",
        "Of which: Interest expense": "N/A",
        "Cost of sales": "N/A",
        "Enterprise cost management": 15775,
        "Total Operating Expenses": 15775,
        "Total revenue financing activities": "N/A",
        "Net profit from business activities": 9913,
        "Profit": 114,
        "Profit before tax": 10026,
        "Present corporate income tax expenses": "N/A",
        "Deferred income taxes expenses": "N/A",
        "The interests of minority shareholders": "N/A",
        "Total Cost of profits": 0,
        "Profit after tax corporate income": 10026,
        "Volume": 99999000,
        "Close of Quarter": 6.6,
        "EPS": -14.2,
        "Non-adjusted EPS": -22,
        "PE": -301.4,
        "Book Price": 7.2
      }
    },
    {
      "quarter": "Q2 2012",
      "income status": {
        "Net sales": 85102,
        "Cost of goods sold": 38749,
        "Gross Profit": 46353,
        "Financial expenses": "N/A",
        "Of which: Interest expense": "N/A",
        "Cost of sales": "N/A",
        "Enterprise cost management": 16830,
        "Total Operating Expenses": 16830,
        "Total revenue financing activities": "N/A",
        "Net profit from business activities": 29523,
        "Profit": 138,
        "Profit before tax": 29661,
        "Present corporate income tax expenses": "N/A",
        "Deferred income taxes expenses": "N/A",
        "The interests of minority shareholders": "N/A",
        "Total Cost of profits": 0,
        "Profit after tax corporate income": 29661,
        "Volume": 99999000,
        "Close of Quarter": 7.6,
        "EPS": -1.9,
        "Non-adjusted EPS": -3,
        "PE": -2536.7,
        "Book Price": 7.1
      }
    },
    {
      "quarter": "Q1 2012",
      "income status": {
        "Net sales": 62412,
        "Cost of goods sold": 16089,
        "Gross Profit": 46324,
        "Financial expenses": "N/A",
        "Of which: Interest expense": "N/A",
        "Cost of sales": "N/A",
        "Enterprise cost management": 16091,
        "Total Operating Expenses": 16091,
        "Total revenue financing activities": "N/A",
        "Net profit from business activities": 30233,
        "Profit": 173,
        "Profit before tax": 30406,
        "Present corporate income tax expenses": "N/A",
        "Deferred income taxes expenses": "N/A",
        "The interests of minority shareholders": "N/A",
        "Total Cost of profits": 0,
        "Profit after tax corporate income": 30406,
        "Volume": 99999000,
        "Close of Quarter": 7.8,
        "EPS": -832.9,
        "Non-adjusted EPS": -1291,
        "PE": -6.0,
        "Book Price": 6.9
      }
    },
    {
      "quarter": "Q4 2011",
      "income status": {
        "Net sales": 61343,
        "Cost of goods sold": 123140,
        "Gross Profit": -61797,
        "Financial expenses": "N/A",
        "Of which: Interest expense": "N/A",
        "Cost of sales": "N/A",
        "Enterprise cost management": 17301,
        "Total Operating Expenses": 17301,
        "Total revenue financing activities": "N/A",
        "Net profit from business activities": -79098,
        "Profit": -20,
        "Profit before tax": -79117,
        "Present corporate income tax expenses": -6843,
        "Deferred income taxes expenses": "N/A",
        "The interests of minority shareholders": "N/A",
        "Total Cost of profits": -6843,
        "Profit after tax corporate income": -72275,
        "Volume": 99999000,
        "Close of Quarter": 5.2,
        "EPS": -1301.9,
        "Non-adjusted EPS": -2018,
        "PE": -2.6,
        "Book Price": 6.7
      }
    },
    {
      "quarter": "Q3 2011",
      "income status": {
        "Net sales": 57747,
        "Cost of goods sold": 30736,
        "Gross Profit": 27011,
        "Financial expenses": "N/A",
        "Of which: Interest expense": "N/A",
        "Cost of sales": "N/A",
        "Enterprise cost management": 15060,
        "Total Operating Expenses": 15060,
        "Total revenue financing activities": "N/A",
        "Net profit from business activities": 11951,
        "Profit": -86,
        "Profit before tax": 11865,
        "Present corporate income tax expenses": "N/A",
        "Deferred income taxes expenses": "N/A",
        "The interests of minority shareholders": "N/A",
        "Total Cost of profits": 0,
        "Profit after tax corporate income": 11865,
        "Volume": 99999000,
        "Close of Quarter": 8.7,
        "EPS": -1591.6,
        "Non-adjusted EPS": -2467,
        "PE": -3.5,
        "Book Price": 7.2
      }
    },
    {
      "quarter": "Q2 2011",
      "income status": {
        "Net sales": 74751,
        "Cost of goods sold": 140910,
        "Gross Profit": -66159,
        "Financial expenses": "N/A",
        "Of which: Interest expense": "N/A",
        "Cost of sales": "N/A",
        "Enterprise cost management": 20980,
        "Total Operating Expenses": 20980,
        "Total revenue financing activities": "N/A",
        "Net profit from business activities": -87139,
        "Profit": -9187,
        "Profit before tax": -96326,
        "Present corporate income tax expenses": "N/A",
        "Deferred income taxes expenses": "N/A",
        "The interests of minority shareholders": "N/A",
        "Total Cost of profits": 0,
        "Profit after tax corporate income": -99103,
        "Volume": 99999000,
        "Close of Quarter": 8.1,
        "EPS": -1403.9,
        "Non-adjusted EPS": -2176,
        "PE": -3.7,
        "Book Price": 7.1
      }
    },
    {
      "quarter": "Q1 2011",
      "income status": {
        "Net sales": 83277,
        "Cost of goods sold": 106896,
        "Gross Profit": -23619,
        "Financial expenses": "N/A",
        "Of which: Interest expense": "N/A",
        "Cost of sales": "N/A",
        "Enterprise cost management": 18714,
        "Total Operating Expenses": 18714,
        "Total revenue financing activities": "N/A",
        "Net profit from business activities": -42333,
        "Profit": 59,
        "Profit before tax": -42274,
        "Present corporate income tax expenses": "N/A",
        "Deferred income taxes expenses": "N/A",
        "The interests of minority shareholders": "N/A",
        "Total Cost of profits": 0,
        "Profit after tax corporate income": -42274,
        "Volume": 99999000,
        "Close of Quarter": 11.4,
        "EPS": -186.5,
        "Non-adjusted EPS": -289,
        "PE": -39.4,
        "Book Price": 7.7
      }
    },
    {
      "quarter": "Q4 2010",
      "income status": {
        "Net sales": 92022,
        "Cost of goods sold": 191237,
        "Gross Profit": -99215,
        "Financial expenses": "N/A",
        "Of which: Interest expense": "N/A",
        "Cost of sales": "N/A",
        "Enterprise cost management": 18399,
        "Total Operating Expenses": 18399,
        "Total revenue financing activities": "N/A",
        "Net profit from business activities": -117614,
        "Profit": 447,
        "Profit before tax": -117167,
        "Present corporate income tax expenses": "N/A",
        "Deferred income taxes expenses": "N/A",
        "The interests of minority shareholders": "N/A",
        "Total Cost of profits": 0,
        "Profit after tax corporate income": -117167,
        "Volume": 99999000,
        "Close of Quarter": 17.9,
        "EPS": 615.5,
        "Non-adjusted EPS": 954,
        "PE": 18.8,
        "Book Price": 8.1
      }
    },
    {
      "quarter": "Q3 2010",
      "income status": {
        "Net sales": 128829,
        "Cost of goods sold": 55999,
        "Gross Profit": 72829,
        "Financial expenses": "N/A",
        "Of which: Interest expense": "N/A",
        "Cost of sales": "N/A",
        "Enterprise cost management": 19576,
        "Total Operating Expenses": 19576,
        "Total revenue financing activities": "N/A",
        "Net profit from business activities": 53253,
        "Profit": 7,
        "Profit before tax": 53260,
        "Present corporate income tax expenses": 12354,
        "Deferred income taxes expenses": 12354,
        "The interests of minority shareholders": "N/A",
        "Total Cost of profits": 24708,
        "Profit after tax corporate income": 40906,
        "Volume": 99999000,
        "Close of Quarter": 16.1,
        "EPS": 1768.4,
        "Non-adjusted EPS": 2741,
        "PE": 5.9,
        "Book Price": 8.7
      }
    },
    {
      "quarter": "Q2 2010",
      "income status": {
        "Net sales": 169767,
        "Cost of goods sold": 34659,
        "Gross Profit": 135108,
        "Financial expenses": "N/A",
        "Of which: Interest expense": "N/A",
        "Cost of sales": "N/A",
        "Enterprise cost management": 18158,
        "Total Operating Expenses": 18158,
        "Total revenue financing activities": "N/A",
        "Net profit from business activities": 116950,
        "Profit": -274,
        "Profit before tax": 116676,
        "Present corporate income tax expenses": 27016,
        "Deferred income taxes expenses": 27016,
        "The interests of minority shareholders": "N/A",
        "Total Cost of profits": 54032,
        "Profit after tax corporate income": 89660,
        "Volume": 45000000,
        "Close of Quarter": 24.9,
        "EPS": 2046.8,
        "Non-adjusted EPS": 7050,
        "PE": 3.5,
        "Book Price": 5.9
      }
    },
    {
      "quarter": "Q1 2010",
      "income status": {
        "Net sales": 143592,
        "Cost of goods sold": 20676,
        "Gross Profit": 122915,
        "Financial expenses": "N/A",
        "Of which: Interest expense": "N/A",
        "Cost of sales": "N/A",
        "Enterprise cost management": 13816,
        "Total Operating Expenses": 13816,
        "Total revenue financing activities": "N/A",
        "Net profit from business activities": 109099,
        "Profit": 50,
        "Profit before tax": 109149,
        "Present corporate income tax expenses": "N/A",
        "Deferred income taxes expenses": 27190,
        "The interests of minority shareholders": "N/A",
        "Total Cost of profits": 27190,
        "Profit after tax corporate income": 81959,
        "Volume": 45000000,
        "Close of Quarter": 17.5,
        "EPS": 1987.9,
        "Non-adjusted EPS": 6847,
        "PE": 2.6,
        "Book Price": 5.3
      }
    },
    {
      "quarter": "Q4 2009",
      "income status": {
        "Net sales": "N/A",
        "Cost of goods sold": "N/A",
        "Gross Profit": 2642,
        "Financial expenses": "N/A",
        "Of which: Interest expense": "N/A",
        "Cost of sales": "N/A",
        "Enterprise cost management": "N/A",
        "Total Operating Expenses": 0,
        "Total revenue financing activities": "N/A",
        "Net profit from business activities": "N/A",
        "Profit": 81886,
        "Profit before tax": 20425,
        "Present corporate income tax expenses": "N/A",
        "Deferred income taxes expenses": 61461,
        "The interests of minority shareholders": "N/A",
        "Total Cost of profits": 61461,
        "Profit after tax corporate income": 61540,
        "Volume": 45000000,
        "Close of Quarter": "N/A",
        "EPS": 1459.2,
        "Non-adjusted EPS": 5026,
        "PE": "N/A",
        "Book Price": 3.5
      }
    },
    {
      "quarter": "Q3 2009",
      "income status": {
        "Net sales": "N/A",
        "Cost of goods sold": "N/A",
        "Gross Profit": "N/A",
        "Financial expenses": "N/A",
        "Of which: Interest expense": "N/A",
        "Cost of sales": "N/A",
        "Enterprise cost management": "N/A",
        "Total Operating Expenses": 0,
        "Total revenue financing activities": "N/A",
        "Net profit from business activities": "N/A",
        "Profit": 94191,
        "Profit before tax": 10371,
        "Present corporate income tax expenses": "N/A",
        "Deferred income taxes expenses": 83820,
        "The interests of minority shareholders": "N/A",
        "Total Cost of profits": 83820,
        "Profit after tax corporate income": 84076,
        "Volume": 45000000,
        "Close of Quarter": "N/A",
        "EPS": 1062.0,
        "Non-adjusted EPS": 3658,
        "PE": "N/A",
        "Book Price": 3.3
      }
    },
    {
      "quarter": "Q2 2009",
      "income status": {
        "Net sales": "N/A",
        "Cost of goods sold": "N/A",
        "Gross Profit": 6,
        "Financial expenses": "N/A",
        "Of which: Interest expense": "N/A",
        "Cost of sales": "N/A",
        "Enterprise cost management": "N/A",
        "Total Operating Expenses": 0,
        "Total revenue financing activities": "N/A",
        "Net profit from business activities": "N/A",
        "Profit": 89611,
        "Profit before tax": 9496,
        "Present corporate income tax expenses": "N/A",
        "Deferred income taxes expenses": 80115,
        "The interests of minority shareholders": "N/A",
        "Total Cost of profits": 80115,
        "Profit after tax corporate income": 80549,
        "Volume": 45000000,
        "Close of Quarter": "N/A",
        "EPS": 519.7,
        "Non-adjusted EPS": 1790,
        "PE": "N/A",
        "Book Price": 2.9
      }
    }
  ]
}