{
  "ticker": "HTV",
  "data": [
    {
      "quarter": "Q1 2017",
      "income status": {
        "Net sales": 42733,
        "Cost of goods sold": 32303,
        "Gross Profit": 10430,
        "Financial expenses": 18,
        "Of which: Interest expense": 18,
        "Cost of sales": "N/A",
        "Enterprise cost management": 4286,
        "Total Operating Expenses": 4304,
        "Total revenue financing activities": 41,
        "Net profit from business activities": 6167,
        "Profit": 252,
        "Profit before tax": 6419,
        "Present corporate income tax expenses": 1284,
        "Deferred income taxes expenses": 347,
        "The interests of minority shareholders": "N/A",
        "Total Cost of profits": 1631,
        "Profit after tax corporate income": 4789,
        "Volume": 13104000,
        "Close of Quarter": 16.1,
        "EPS": 1624,
        "Non-adjusted EPS": 1624,
        "PE": 9.9,
        "Book Price": 24.6
      }
    },
    {
      "quarter": "Q4 2016",
      "income status": {
        "Net sales": 37624,
        "Cost of goods sold": 33554,
        "Gross Profit": 4070,
        "Financial expenses": "N/A",
        "Of which: Interest expense": "N/A",
        "Cost of sales": "N/A",
        "Enterprise cost management": 4619,
        "Total Operating Expenses": 4619,
        "Total revenue financing activities": 3773,
        "Net profit from business activities": 3224,
        "Profit": 683,
        "Profit before tax": 3907,
        "Present corporate income tax expenses": 805,
        "Deferred income taxes expenses": "N/A",
        "The interests of minority shareholders": "N/A",
        "Total Cost of profits": 805,
        "Profit after tax corporate income": 3102,
        "Volume": 13104000,
        "Close of Quarter": 16,
        "EPS": 1730,
        "Non-adjusted EPS": 1730,
        "PE": 9.3,
        "Book Price": 24.2
      }
    },
    {
      "quarter": "Q3 2016",
      "income status": {
        "Net sales": 49644,
        "Cost of goods sold": 40077,
        "Gross Profit": 9566,
        "Financial expenses": "N/A",
        "Of which: Interest expense": "N/A",
        "Cost of sales": "N/A",
        "Enterprise cost management": 4214,
        "Total Operating Expenses": 4214,
        "Total revenue financing activities": 234,
        "Net profit from business activities": 5586,
        "Profit": 72,
        "Profit before tax": 5659,
        "Present corporate income tax expenses": 1171,
        "Deferred income taxes expenses": "N/A",
        "The interests of minority shareholders": "N/A",
        "Total Cost of profits": 1171,
        "Profit after tax corporate income": 4488,
        "Volume": 13104000,
        "Close of Quarter": 19.9,
        "EPS": 2513,
        "Non-adjusted EPS": 2513,
        "PE": 7.9,
        "Book Price": 24
      }
    },
    {
      "quarter": "Q2 2016",
      "income status": {
        "Net sales": 52339,
        "Cost of goods sold": 36923,
        "Gross Profit": 15416,
        "Financial expenses": "N/A",
        "Of which: Interest expense": "N/A",
        "Cost of sales": "N/A",
        "Enterprise cost management": 5756,
        "Total Operating Expenses": 5756,
        "Total revenue financing activities": 1492,
        "Net profit from business activities": 11151,
        "Profit": "N/A",
        "Profit before tax": 11151,
        "Present corporate income tax expenses": 2255,
        "Deferred income taxes expenses": "N/A",
        "The interests of minority shareholders": "N/A",
        "Total Cost of profits": 2255,
        "Profit after tax corporate income": 8896,
        "Volume": 13104000,
        "Close of Quarter": 16.2,
        "EPS": 2572,
        "Non-adjusted EPS": 2572,
        "PE": 6.3,
        "Book Price": 23.7
      }
    },
    {
      "quarter": "Q1 2016",
      "income status": {
        "Net sales": 45896,
        "Cost of goods sold": 35968,
        "Gross Profit": 9928,
        "Financial expenses": "N/A",
        "Of which: Interest expense": "N/A",
        "Cost of sales": "N/A",
        "Enterprise cost management": 3152,
        "Total Operating Expenses": 3152,
        "Total revenue financing activities": 993,
        "Net profit from business activities": 7769,
        "Profit": "N/A",
        "Profit before tax": 7769,
        "Present corporate income tax expenses": 1582,
        "Deferred income taxes expenses": "N/A",
        "The interests of minority shareholders": "N/A",
        "Total Cost of profits": 1582,
        "Profit after tax corporate income": 6187,
        "Volume": 13104000,
        "Close of Quarter": 15.0,
        "EPS": 2678,
        "Non-adjusted EPS": 2678,
        "PE": 5.6,
        "Book Price": 24.4
      }
    },
    {
      "quarter": "Q4 2015",
      "income status": {
        "Net sales": 53585,
        "Cost of goods sold": 34761,
        "Gross Profit": 18825,
        "Financial expenses": -1112,
        "Of which: Interest expense": "N/A",
        "Cost of sales": "N/A",
        "Enterprise cost management": 3681,
        "Total Operating Expenses": 2569,
        "Total revenue financing activities": 771,
        "Net profit from business activities": 17026,
        "Profit": 144,
        "Profit before tax": 17170,
        "Present corporate income tax expenses": 3808,
        "Deferred income taxes expenses": "N/A",
        "The interests of minority shareholders": "N/A",
        "Total Cost of profits": 3808,
        "Profit after tax corporate income": 13361,
        "Volume": 13104000,
        "Close of Quarter": 13.9,
        "EPS": 2627,
        "Non-adjusted EPS": 2627,
        "PE": 5.3,
        "Book Price": 23.9
      }
    },
    {
      "quarter": "Q3 2015",
      "income status": {
        "Net sales": 54109,
        "Cost of goods sold": 43656,
        "Gross Profit": 10453,
        "Financial expenses": 723,
        "Of which: Interest expense": "N/A",
        "Cost of sales": "N/A",
        "Enterprise cost management": 3845,
        "Total Operating Expenses": 4568,
        "Total revenue financing activities": 569,
        "Net profit from business activities": 6454,
        "Profit": 329,
        "Profit before tax": 6783,
        "Present corporate income tax expenses": 1523,
        "Deferred income taxes expenses": "N/A",
        "The interests of minority shareholders": "N/A",
        "Total Cost of profits": 1523,
        "Profit after tax corporate income": 5260,
        "Volume": 10080000,
        "Close of Quarter": 14.4,
        "EPS": 2832.3,
        "Non-adjusted EPS": 3682,
        "PE": 3.9,
        "Book Price": 22.2
      }
    },
    {
      "quarter": "Q2 2015",
      "income status": {
        "Net sales": 49544,
        "Cost of goods sold": 37976,
        "Gross Profit": 11568,
        "Financial expenses": -4879,
        "Of which: Interest expense": "N/A",
        "Cost of sales": "N/A",
        "Enterprise cost management": 4030,
        "Total Operating Expenses": -849,
        "Total revenue financing activities": 631,
        "Net profit from business activities": 13048,
        "Profit": 170,
        "Profit before tax": 13218,
        "Present corporate income tax expenses": 2939,
        "Deferred income taxes expenses": "N/A",
        "The interests of minority shareholders": "N/A",
        "Total Cost of profits": 2939,
        "Profit after tax corporate income": 10279,
        "Volume": 10080000,
        "Close of Quarter": 12.8,
        "EPS": 2660.8,
        "Non-adjusted EPS": 3459,
        "PE": 3.7,
        "Book Price": 21.8
      }
    },
    {
      "quarter": "Q1 2015",
      "income status": {
        "Net sales": 47854,
        "Cost of goods sold": 39084,
        "Gross Profit": 8770,
        "Financial expenses": 148,
        "Of which: Interest expense": 132,
        "Cost of sales": "N/A",
        "Enterprise cost management": 3169,
        "Total Operating Expenses": 3317,
        "Total revenue financing activities": 213,
        "Net profit from business activities": 5666,
        "Profit": 1451,
        "Profit before tax": 7116,
        "Present corporate income tax expenses": 1597,
        "Deferred income taxes expenses": "N/A",
        "The interests of minority shareholders": "N/A",
        "Total Cost of profits": 1597,
        "Profit after tax corporate income": 5520,
        "Volume": 10080000,
        "Close of Quarter": 11.9,
        "EPS": 2086.2,
        "Non-adjusted EPS": 2712,
        "PE": 4.4,
        "Book Price": 21.9
      }
    },
    {
      "quarter": "Q4 2014",
      "income status": {
        "Net sales": 57956,
        "Cost of goods sold": 46073,
        "Gross Profit": 11884,
        "Financial expenses": -10979,
        "Of which: Interest expense": 226,
        "Cost of sales": "N/A",
        "Enterprise cost management": 2449,
        "Total Operating Expenses": -8530,
        "Total revenue financing activities": 179,
        "Net profit from business activities": 20592,
        "Profit": 37,
        "Profit before tax": 20629,
        "Present corporate income tax expenses": 4569,
        "Deferred income taxes expenses": "N/A",
        "The interests of minority shareholders": "N/A",
        "Total Cost of profits": 4569,
        "Profit after tax corporate income": 16060,
        "Volume": 9617790,
        "Close of Quarter": 11.9,
        "EPS": 1996.4,
        "Non-adjusted EPS": 2720,
        "PE": 4.4,
        "Book Price": 20.9
      }
    },
    {
      "quarter": "Q3 2014",
      "income status": {
        "Net sales": 43585,
        "Cost of goods sold": 35781,
        "Gross Profit": 7804,
        "Financial expenses": 602,
        "Of which: Interest expense": 602,
        "Cost of sales": "N/A",
        "Enterprise cost management": 3961,
        "Total Operating Expenses": 4563,
        "Total revenue financing activities": 660,
        "Net profit from business activities": 3900,
        "Profit": "N/A",
        "Profit before tax": 3900,
        "Present corporate income tax expenses": 889,
        "Deferred income taxes expenses": "N/A",
        "The interests of minority shareholders": "N/A",
        "Total Cost of profits": 889,
        "Profit after tax corporate income": 3011,
        "Volume": 9617790,
        "Close of Quarter": 13.1,
        "EPS": 1324.1,
        "Non-adjusted EPS": 1804,
        "PE": 7.2,
        "Book Price": 20.8
      }
    },
    {
      "quarter": "Q2 2014",
      "income status": {
        "Net sales": 54291,
        "Cost of goods sold": 44910,
        "Gross Profit": 9381,
        "Financial expenses": 680,
        "Of which: Interest expense": 680,
        "Cost of sales": "N/A",
        "Enterprise cost management": 4049,
        "Total Operating Expenses": 4729,
        "Total revenue financing activities": 191,
        "Net profit from business activities": 4844,
        "Profit": -342,
        "Profit before tax": 4502,
        "Present corporate income tax expenses": 1752,
        "Deferred income taxes expenses": "N/A",
        "The interests of minority shareholders": "N/A",
        "Total Cost of profits": 1752,
        "Profit after tax corporate income": 2749,
        "Volume": 9617790,
        "Close of Quarter": 12.9,
        "EPS": 1625.0,
        "Non-adjusted EPS": 2214,
        "PE": 5.8,
        "Book Price": 20.5
      }
    },
    {
      "quarter": "Q1 2014",
      "income status": {
        "Net sales": 48186,
        "Cost of goods sold": 38463,
        "Gross Profit": 9723,
        "Financial expenses": 605,
        "Of which: Interest expense": 605,
        "Cost of sales": "N/A",
        "Enterprise cost management": 3721,
        "Total Operating Expenses": 4326,
        "Total revenue financing activities": 210,
        "Net profit from business activities": 5606,
        "Profit": "N/A",
        "Profit before tax": 5606,
        "Present corporate income tax expenses": 1264,
        "Deferred income taxes expenses": "N/A",
        "The interests of minority shareholders": "N/A",
        "Total Cost of profits": 1264,
        "Profit after tax corporate income": 4342,
        "Volume": 9617790,
        "Close of Quarter": 13.1,
        "EPS": 2299.5,
        "Non-adjusted EPS": 3133,
        "PE": 4.2,
        "Book Price": 20.3
      }
    },
    {
      "quarter": "Q4 2013",
      "income status": {
        "Net sales": 61770,
        "Cost of goods sold": 50992,
        "Gross Profit": 10778,
        "Financial expenses": -738,
        "Of which: Interest expense": 75,
        "Cost of sales": "N/A",
        "Enterprise cost management": 2845,
        "Total Operating Expenses": 2107,
        "Total revenue financing activities": 1044,
        "Net profit from business activities": 9716,
        "Profit": "N/A",
        "Profit before tax": 9716,
        "Present corporate income tax expenses": 2464,
        "Deferred income taxes expenses": "N/A",
        "The interests of minority shareholders": "N/A",
        "Total Cost of profits": 2464,
        "Profit after tax corporate income": 7252,
        "Volume": 9617790,
        "Close of Quarter": 10.8,
        "EPS": 2165.2,
        "Non-adjusted EPS": 2950,
        "PE": 3.7,
        "Book Price": 20.0
      }
    },
    {
      "quarter": "Q3 2013",
      "income status": {
        "Net sales": 50286,
        "Cost of goods sold": 40372,
        "Gross Profit": 9915,
        "Financial expenses": "N/A",
        "Of which: Interest expense": "N/A",
        "Cost of sales": "N/A",
        "Enterprise cost management": 2913,
        "Total Operating Expenses": 2913,
        "Total revenue financing activities": 1630,
        "Net profit from business activities": 8632,
        "Profit": 685,
        "Profit before tax": 9318,
        "Present corporate income tax expenses": 2365,
        "Deferred income taxes expenses": "N/A",
        "The interests of minority shareholders": "N/A",
        "Total Cost of profits": 2365,
        "Profit after tax corporate income": 6953,
        "Volume": 9617790,
        "Close of Quarter": 7.9,
        "EPS": 2083.7,
        "Non-adjusted EPS": 2839,
        "PE": 2.8,
        "Book Price": 20.9
      }
    },
    {
      "quarter": "Q2 2013",
      "income status": {
        "Net sales": 51050,
        "Cost of goods sold": 40821,
        "Gross Profit": 10229,
        "Financial expenses": "N/A",
        "Of which: Interest expense": "N/A",
        "Cost of sales": "N/A",
        "Enterprise cost management": 2649,
        "Total Operating Expenses": 2649,
        "Total revenue financing activities": 1259,
        "Net profit from business activities": 8840,
        "Profit": 7130,
        "Profit before tax": 15969,
        "Present corporate income tax expenses": 4380,
        "Deferred income taxes expenses": "N/A",
        "The interests of minority shareholders": "N/A",
        "Total Cost of profits": 4380,
        "Profit after tax corporate income": 11589,
        "Volume": 9617790,
        "Close of Quarter": 8.4,
        "EPS": 2215.8,
        "Non-adjusted EPS": 3019,
        "PE": 2.8,
        "Book Price": 20.3
      }
    },
    {
      "quarter": "Q1 2013",
      "income status": {
        "Net sales": 41138,
        "Cost of goods sold": 36031,
        "Gross Profit": 5107,
        "Financial expenses": "N/A",
        "Of which: Interest expense": "N/A",
        "Cost of sales": "N/A",
        "Enterprise cost management": 2490,
        "Total Operating Expenses": 2490,
        "Total revenue financing activities": 848,
        "Net profit from business activities": 3465,
        "Profit": "N/A",
        "Profit before tax": 3465,
        "Present corporate income tax expenses": 890,
        "Deferred income taxes expenses": "N/A",
        "The interests of minority shareholders": "N/A",
        "Total Cost of profits": 890,
        "Profit after tax corporate income": 2575,
        "Volume": 9617790,
        "Close of Quarter": 10.3,
        "EPS": 2293.6,
        "Non-adjusted EPS": 3125,
        "PE": 3.3,
        "Book Price": 19.7
      }
    },
    {
      "quarter": "Q4 2012",
      "income status": {
        "Net sales": 47421,
        "Cost of goods sold": 40615,
        "Gross Profit": 6805,
        "Financial expenses": 90,
        "Of which: Interest expense": "N/A",
        "Cost of sales": "N/A",
        "Enterprise cost management": 2520,
        "Total Operating Expenses": 2610,
        "Total revenue financing activities": 3921,
        "Net profit from business activities": 8116,
        "Profit": 170,
        "Profit before tax": 8286,
        "Present corporate income tax expenses": 2098,
        "Deferred income taxes expenses": "N/A",
        "The interests of minority shareholders": "N/A",
        "Total Cost of profits": 2098,
        "Profit after tax corporate income": 6187,
        "Volume": 9617790,
        "Close of Quarter": 7.9,
        "EPS": 3027.6,
        "Non-adjusted EPS": 4125,
        "PE": 1.9,
        "Book Price": 19.5
      }
    },
    {
      "quarter": "Q3 2012",
      "income status": {
        "Net sales": 46685,
        "Cost of goods sold": 38769,
        "Gross Profit": 7915,
        "Financial expenses": 994,
        "Of which: Interest expense": "N/A",
        "Cost of sales": "N/A",
        "Enterprise cost management": 2723,
        "Total Operating Expenses": 3717,
        "Total revenue financing activities": 4695,
        "Net profit from business activities": 8893,
        "Profit": 2727,
        "Profit before tax": 11620,
        "Present corporate income tax expenses": 2934,
        "Deferred income taxes expenses": "N/A",
        "The interests of minority shareholders": "N/A",
        "Total Cost of profits": 2934,
        "Profit after tax corporate income": 8687,
        "Volume": 9617790,
        "Close of Quarter": 7.2,
        "EPS": 2953.5,
        "Non-adjusted EPS": 4024,
        "PE": 1.8,
        "Book Price": 19.1
      }
    },
    {
      "quarter": "Q2 2012",
      "income status": {
        "Net sales": 36330,
        "Cost of goods sold": 29118,
        "Gross Profit": 7212,
        "Financial expenses": -2169,
        "Of which: Interest expense": "N/A",
        "Cost of sales": "N/A",
        "Enterprise cost management": 4264,
        "Total Operating Expenses": 2095,
        "Total revenue financing activities": 1900,
        "Net profit from business activities": 7016,
        "Profit": 9869,
        "Profit before tax": 16885,
        "Present corporate income tax expenses": 4278,
        "Deferred income taxes expenses": "N/A",
        "The interests of minority shareholders": "N/A",
        "Total Cost of profits": 4278,
        "Profit after tax corporate income": 12607,
        "Volume": 9617790,
        "Close of Quarter": 6.8,
        "EPS": 2782.4,
        "Non-adjusted EPS": 3791,
        "PE": 1.8,
        "Book Price": 19.2
      }
    },
    {
      "quarter": "Q1 2012",
      "income status": {
        "Net sales": 28732,
        "Cost of goods sold": 24918,
        "Gross Profit": 3814,
        "Financial expenses": 1,
        "Of which: Interest expense": "N/A",
        "Cost of sales": "N/A",
        "Enterprise cost management": 3752,
        "Total Operating Expenses": 3753,
        "Total revenue financing activities": 3149,
        "Net profit from business activities": 3210,
        "Profit": 13050,
        "Profit before tax": 16260,
        "Present corporate income tax expenses": 4065,
        "Deferred income taxes expenses": "N/A",
        "The interests of minority shareholders": "N/A",
        "Total Cost of profits": 4065,
        "Profit after tax corporate income": 12195,
        "Volume": 9617790,
        "Close of Quarter": 5.8,
        "EPS": 2510.9,
        "Non-adjusted EPS": 3421,
        "PE": 1.7,
        "Book Price": 18.5
      }
    },
    {
      "quarter": "Q4 2011",
      "income status": {
        "Net sales": 30766,
        "Cost of goods sold": 27385,
        "Gross Profit": 3381,
        "Financial expenses": 2494,
        "Of which: Interest expense": "N/A",
        "Cost of sales": "N/A",
        "Enterprise cost management": 3537,
        "Total Operating Expenses": 6031,
        "Total revenue financing activities": 4816,
        "Net profit from business activities": 2167,
        "Profit": 4687,
        "Profit before tax": 30787,
        "Present corporate income tax expenses": 1638,
        "Deferred income taxes expenses": "N/A",
        "The interests of minority shareholders": "N/A",
        "Total Cost of profits": 1638,
        "Profit after tax corporate income": 5216,
        "Volume": 9617790,
        "Close of Quarter": 3.6,
        "EPS": 1761.5,
        "Non-adjusted EPS": 2400,
        "PE": 1.5,
        "Book Price": 17.5
      }
    },
    {
      "quarter": "Q3 2011",
      "income status": {
        "Net sales": 27093,
        "Cost of goods sold": 25625,
        "Gross Profit": 1469,
        "Financial expenses": -15,
        "Of which: Interest expense": "N/A",
        "Cost of sales": "N/A",
        "Enterprise cost management": 3414,
        "Total Operating Expenses": 3399,
        "Total revenue financing activities": 4201,
        "Net profit from business activities": 2270,
        "Profit": 6362,
        "Profit before tax": 8631,
        "Present corporate income tax expenses": 2186,
        "Deferred income taxes expenses": "N/A",
        "The interests of minority shareholders": "N/A",
        "Total Cost of profits": 2186,
        "Profit after tax corporate income": 6445,
        "Volume": 9917420,
        "Close of Quarter": 5.1,
        "EPS": 1689.2,
        "Non-adjusted EPS": 2232,
        "PE": 2.3,
        "Book Price": 17.3
      }
    },
    {
      "quarter": "Q2 2011",
      "income status": {
        "Net sales": 34634,
        "Cost of goods sold": 33634,
        "Gross Profit": 1000,
        "Financial expenses": 4630,
        "Of which: Interest expense": "N/A",
        "Cost of sales": "N/A",
        "Enterprise cost management": 1994,
        "Total Operating Expenses": 6624,
        "Total revenue financing activities": 8194,
        "Net profit from business activities": 2571,
        "Profit": 9546,
        "Profit before tax": 12117,
        "Present corporate income tax expenses": 3068,
        "Deferred income taxes expenses": "N/A",
        "The interests of minority shareholders": "N/A",
        "Total Cost of profits": 3068,
        "Profit after tax corporate income": 9049,
        "Volume": 10057090,
        "Close of Quarter": 4.9,
        "EPS": 1442.1,
        "Non-adjusted EPS": 1879,
        "PE": 2.6,
        "Book Price": 16.8
      }
    },
    {
      "quarter": "Q1 2011",
      "income status": {
        "Net sales": 27593,
        "Cost of goods sold": 23584,
        "Gross Profit": 4009,
        "Financial expenses": -516,
        "Of which: Interest expense": "N/A",
        "Cost of sales": "N/A",
        "Enterprise cost management": 3023,
        "Total Operating Expenses": 2507,
        "Total revenue financing activities": 1389,
        "Net profit from business activities": 2891,
        "Profit": 294,
        "Profit before tax": 3185,
        "Present corporate income tax expenses": 813,
        "Deferred income taxes expenses": "N/A",
        "The interests of minority shareholders": "N/A",
        "Total Cost of profits": 813,
        "Profit after tax corporate income": 2372,
        "Volume": 10057090,
        "Close of Quarter": 6.3,
        "EPS": 1178.9,
        "Non-adjusted EPS": 1536,
        "PE": 4.1,
        "Book Price": 17.1
      }
    },
    {
      "quarter": "Q4 2010",
      "income status": {
        "Net sales": 37645,
        "Cost of goods sold": 32503,
        "Gross Profit": 5143,
        "Financial expenses": 3329,
        "Of which: Interest expense": "N/A",
        "Cost of sales": "N/A",
        "Enterprise cost management": 2265,
        "Total Operating Expenses": 5594,
        "Total revenue financing activities": 5819,
        "Net profit from business activities": 5368,
        "Profit": 361,
        "Profit before tax": 5729,
        "Present corporate income tax expenses": 1456,
        "Deferred income taxes expenses": "N/A",
        "The interests of minority shareholders": "N/A",
        "Total Cost of profits": 1456,
        "Profit after tax corporate income": 4273,
        "Volume": 10057090,
        "Close of Quarter": 7.9,
        "EPS": 1278.6,
        "Non-adjusted EPS": 1666,
        "PE": 4.7,
        "Book Price": 17.0
      }
    },
    {
      "quarter": "Q3 2010",
      "income status": {
        "Net sales": 22839,
        "Cost of goods sold": 19789,
        "Gross Profit": 3050,
        "Financial expenses": 2233,
        "Of which: Interest expense": "N/A",
        "Cost of sales": "N/A",
        "Enterprise cost management": 1881,
        "Total Operating Expenses": 4114,
        "Total revenue financing activities": 3467,
        "Net profit from business activities": 2403,
        "Profit": 1892,
        "Profit before tax": 4294,
        "Present corporate income tax expenses": 1090,
        "Deferred income taxes expenses": "N/A",
        "The interests of minority shareholders": "N/A",
        "Total Cost of profits": 1090,
        "Profit after tax corporate income": 3204,
        "Volume": 9415760,
        "Close of Quarter": 22.0,
        "EPS": 1057.7,
        "Non-adjusted EPS": 1472,
        "PE": 14.9,
        "Book Price": 16.7
      }
    },
    {
      "quarter": "Q2 2010",
      "income status": {
        "Net sales": 26430,
        "Cost of goods sold": 22493,
        "Gross Profit": 3937,
        "Financial expenses": 225,
        "Of which: Interest expense": "N/A",
        "Cost of sales": "N/A",
        "Enterprise cost management": 1620,
        "Total Operating Expenses": 1845,
        "Total revenue financing activities": 5014,
        "Net profit from business activities": 7106,
        "Profit": "N/A",
        "Profit before tax": 7106,
        "Present corporate income tax expenses": 1503,
        "Deferred income taxes expenses": "N/A",
        "The interests of minority shareholders": "N/A",
        "Total Cost of profits": 1503,
        "Profit after tax corporate income": 5603,
        "Volume": 9415760,
        "Close of Quarter": 9.9,
        "EPS": 1322.8,
        "Non-adjusted EPS": 1841,
        "PE": 5.4,
        "Book Price": 14.9
      }
    },
    {
      "quarter": "Q1 2010",
      "income status": {
        "Net sales": 27899,
        "Cost of goods sold": 20879,
        "Gross Profit": 7021,
        "Financial expenses": "N/A",
        "Of which: Interest expense": "N/A",
        "Cost of sales": "N/A",
        "Enterprise cost management": 2193,
        "Total Operating Expenses": 2193,
        "Total revenue financing activities": 68,
        "Net profit from business activities": 4896,
        "Profit": "N/A",
        "Profit before tax": 4896,
        "Present corporate income tax expenses": 1224,
        "Deferred income taxes expenses": "N/A",
        "The interests of minority shareholders": "N/A",
        "Total Cost of profits": 1224,
        "Profit after tax corporate income": 3672,
        "Volume": 9415760,
        "Close of Quarter": 8.4,
        "EPS": 1680.7,
        "Non-adjusted EPS": 2339,
        "PE": 3.6,
        "Book Price": 15.6
      }
    },
    {
      "quarter": "Q4 2009",
      "income status": {
        "Net sales": 27888,
        "Cost of goods sold": 28718,
        "Gross Profit": -830,
        "Financial expenses": -2251,
        "Of which: Interest expense": "N/A",
        "Cost of sales": "N/A",
        "Enterprise cost management": 2637,
        "Total Operating Expenses": 386,
        "Total revenue financing activities": 2913,
        "Net profit from business activities": 1697,
        "Profit": "N/A",
        "Profit before tax": 1697,
        "Present corporate income tax expenses": 311,
        "Deferred income taxes expenses": "N/A",
        "The interests of minority shareholders": "N/A",
        "Total Cost of profits": 311,
        "Profit after tax corporate income": 1385,
        "Volume": 9415760,
        "Close of Quarter": 10.7,
        "EPS": 1700.1,
        "Non-adjusted EPS": 2366,
        "PE": 4.5,
        "Book Price": 15.2
      }
    },
    {
      "quarter": "Q3 2009",
      "income status": {
        "Net sales": 25215,
        "Cost of goods sold": 17722,
        "Gross Profit": 7493,
        "Financial expenses": "N/A",
        "Of which: Interest expense": "N/A",
        "Cost of sales": "N/A",
        "Enterprise cost management": 1638,
        "Total Operating Expenses": 1638,
        "Total revenue financing activities": 2233,
        "Net profit from business activities": 8087,
        "Profit": "N/A",
        "Profit before tax": 8087,
        "Present corporate income tax expenses": 1415,
        "Deferred income taxes expenses": "N/A",
        "The interests of minority shareholders": "N/A",
        "Total Cost of profits": 1415,
        "Profit after tax corporate income": 6672,
        "Volume": 9415760,
        "Close of Quarter": 10.9,
        "EPS": 1474.5,
        "Non-adjusted EPS": 2052,
        "PE": 5.3,
        "Book Price": 15.3
      }
    },
    {
      "quarter": "Q2 2009",
      "income status": {
        "Net sales": 25434,
        "Cost of goods sold": 20359,
        "Gross Profit": 5075,
        "Financial expenses": 2,
        "Of which: Interest expense": "N/A",
        "Cost of sales": "N/A",
        "Enterprise cost management": 1840,
        "Total Operating Expenses": 1842,
        "Total revenue financing activities": 9148,
        "Net profit from business activities": 12381,
        "Profit": "N/A",
        "Profit before tax": 12381,
        "Present corporate income tax expenses": 2091,
        "Deferred income taxes expenses": "N/A",
        "The interests of minority shareholders": "N/A",
        "Total Cost of profits": 2091,
        "Profit after tax corporate income": 10290,
        "Volume": 9534860,
        "Close of Quarter": 6.1,
        "EPS": 1167.9,
        "Non-adjusted EPS": 1605,
        "PE": 3.8,
        "Book Price": 14.6
      }
    },
    {
      "quarter": "Q1 2009",
      "income status": {
        "Net sales": 18624,
        "Cost of goods sold": 12627,
        "Gross Profit": 5997,
        "Financial expenses": "N/A",
        "Of which: Interest expense": "N/A",
        "Cost of sales": "N/A",
        "Enterprise cost management": 1458,
        "Total Operating Expenses": 1458,
        "Total revenue financing activities": 221,
        "Net profit from business activities": 4760,
        "Profit": "N/A",
        "Profit before tax": 4760,
        "Present corporate income tax expenses": 833,
        "Deferred income taxes expenses": "N/A",
        "The interests of minority shareholders": "N/A",
        "Total Cost of profits": 833,
        "Profit after tax corporate income": 3927,
        "Volume": 9534860,
        "Close of Quarter": 4.2,
        "EPS": 313.6,
        "Non-adjusted EPS": 431,
        "PE": 9.8,
        "Book Price": 14.3
      }
    },
    {
      "quarter": "Q4 2008",
      "income status": {
        "Net sales": 22504,
        "Cost of goods sold": 15633,
        "Gross Profit": 6872,
        "Financial expenses": 13225,
        "Of which: Interest expense": "N/A",
        "Cost of sales": "N/A",
        "Enterprise cost management": 2154,
        "Total Operating Expenses": 15379,
        "Total revenue financing activities": 6446,
        "Net profit from business activities": -2061,
        "Profit": -286,
        "Profit before tax": -2347,
        "Present corporate income tax expenses": -774,
        "Deferred income taxes expenses": "N/A",
        "The interests of minority shareholders": "N/A",
        "Total Cost of profits": -774,
        "Profit after tax corporate income": -1572,
        "Volume": 9534860,
        "Close of Quarter": 4.1,
        "EPS": 275.0,
        "Non-adjusted EPS": 378,
        "PE": 10.9,
        "Book Price": 14.0
      }
    },
    {
      "quarter": "Q3 2008",
      "income status": {
        "Net sales": 20616,
        "Cost of goods sold": 19111,
        "Gross Profit": 1505,
        "Financial expenses": 1020,
        "Of which: Interest expense": "N/A",
        "Cost of sales": "N/A",
        "Enterprise cost management": 1546,
        "Total Operating Expenses": 2566,
        "Total revenue financing activities": 4757,
        "Net profit from business activities": 3696,
        "Profit": "N/A",
        "Profit before tax": 3696,
        "Present corporate income tax expenses": 1035,
        "Deferred income taxes expenses": "N/A",
        "The interests of minority shareholders": "N/A",
        "Total Cost of profits": 1035,
        "Profit after tax corporate income": 2661,
        "Volume": 9870000,
        "Close of Quarter": 6.0,
        "EPS": 815.0,
        "Non-adjusted EPS": 1082,
        "PE": 5.6,
        "Book Price": 14.5
      }
    },
    {
      "quarter": "Q2 2008",
      "income status": {
        "Net sales": 22269,
        "Cost of goods sold": 16344,
        "Gross Profit": 5925,
        "Financial expenses": 8189,
        "Of which: Interest expense": "N/A",
        "Cost of sales": "N/A",
        "Enterprise cost management": 1360,
        "Total Operating Expenses": 9549,
        "Total revenue financing activities": 213,
        "Net profit from business activities": -3411,
        "Profit": 2158,
        "Profit before tax": -1253,
        "Present corporate income tax expenses": -348,
        "Deferred income taxes expenses": "N/A",
        "The interests of minority shareholders": "N/A",
        "Total Cost of profits": -348,
        "Profit after tax corporate income": -905,
        "Volume": 10080000,
        "Close of Quarter": 6.2,
        "EPS": 853.1,
        "Non-adjusted EPS": 1109,
        "PE": 5.6,
        "Book Price": 14.5
      }
    },
    {
      "quarter": "Q1 2008",
      "income status": {
        "Net sales": 20790,
        "Cost of goods sold": 15547,
        "Gross Profit": 5243,
        "Financial expenses": 4,
        "Of which: Interest expense": "N/A",
        "Cost of sales": "N/A",
        "Enterprise cost management": 1722,
        "Total Operating Expenses": 1726,
        "Total revenue financing activities": 922,
        "Net profit from business activities": 4439,
        "Profit": 311,
        "Profit before tax": 4750,
        "Present corporate income tax expenses": 1330,
        "Deferred income taxes expenses": "N/A",
        "The interests of minority shareholders": "N/A",
        "Total Cost of profits": 1330,
        "Profit after tax corporate income": 3420,
        "Volume": 10080000,
        "Close of Quarter": 9.9,
        "EPS": 1175.4,
        "Non-adjusted EPS": 1528,
        "PE": 6.5,
        "Book Price": 14.7
      }
    },
    {
      "quarter": "Q4 2007",
      "income status": {
        "Net sales": 18365,
        "Cost of goods sold": 12015,
        "Gross Profit": 6351,
        "Financial expenses": 3,
        "Of which: Interest expense": "N/A",
        "Cost of sales": "N/A",
        "Enterprise cost management": 1742,
        "Total Operating Expenses": 1745,
        "Total revenue financing activities": 1182,
        "Net profit from business activities": 5787,
        "Profit": 559,
        "Profit before tax": 6347,
        "Present corporate income tax expenses": 841,
        "Deferred income taxes expenses": "N/A",
        "The interests of minority shareholders": "N/A",
        "Total Cost of profits": 841,
        "Profit after tax corporate income": 5506,
        "Volume": 10080000,
        "Close of Quarter": 18.5,
        "EPS": 1179.2,
        "Non-adjusted EPS": 1533,
        "PE": 12.0,
        "Book Price": 14.8
      }
    },
    {
      "quarter": "Q3 2007",
      "income status": {
        "Net sales": 18831,
        "Cost of goods sold": 13933,
        "Gross Profit": 4898,
        "Financial expenses": "N/A",
        "Of which: Interest expense": "N/A",
        "Cost of sales": "N/A",
        "Enterprise cost management": 1359,
        "Total Operating Expenses": 1359,
        "Total revenue financing activities": 53,
        "Net profit from business activities": 3592,
        "Profit": 82,
        "Profit before tax": 3673,
        "Present corporate income tax expenses": 514,
        "Deferred income taxes expenses": "N/A",
        "The interests of minority shareholders": "N/A",
        "Total Cost of profits": 514,
        "Profit after tax corporate income": 3159,
        "Volume": 4800000,
        "Close of Quarter": 16.6,
        "EPS": 1081.7,
        "Non-adjusted EPS": 2953,
        "PE": 5.6,
        "Book Price": 6.3
      }
    },
    {
      "quarter": "Q2 2007",
      "income status": {
        "Net sales": 17790,
        "Cost of goods sold": 13690,
        "Gross Profit": 4100,
        "Financial expenses": 31,
        "Of which: Interest expense": 28,
        "Cost of sales": "N/A",
        "Enterprise cost management": 1275,
        "Total Operating Expenses": 1306,
        "Total revenue financing activities": 1065,
        "Net profit from business activities": 3859,
        "Profit": "N/A",
        "Profit before tax": 3859,
        "Present corporate income tax expenses": 540,
        "Deferred income taxes expenses": "N/A",
        "The interests of minority shareholders": "N/A",
        "Total Cost of profits": 540,
        "Profit after tax corporate income": 3319,
        "Volume": 4800000,
        "Close of Quarter": 14.1,
        "EPS": 1039.6,
        "Non-adjusted EPS": 2838,
        "PE": 5.0,
        "Book Price": 6.3
      }
    },
    {
      "quarter": "Q1 2007",
      "income status": {
        "Net sales": 21103,
        "Cost of goods sold": 16666,
        "Gross Profit": 4437,
        "Financial expenses": 33,
        "Of which: Interest expense": 33,
        "Cost of sales": "N/A",
        "Enterprise cost management": 1416,
        "Total Operating Expenses": 1449,
        "Total revenue financing activities": 145,
        "Net profit from business activities": 3133,
        "Profit": 901,
        "Profit before tax": 4034,
        "Present corporate income tax expenses": 565,
        "Deferred income taxes expenses": "N/A",
        "The interests of minority shareholders": "N/A",
        "Total Cost of profits": 565,
        "Profit after tax corporate income": 3469,
        "Volume": 4800000,
        "Close of Quarter": 14.1,
        "EPS": 1080.2,
        "Non-adjusted EPS": 2949,
        "PE": 4.8,
        "Book Price": 6.1
      }
    },
    {
      "quarter": "Q4 2006",
      "income status": {
        "Net sales": 21250,
        "Cost of goods sold": 16780,
        "Gross Profit": 4469,
        "Financial expenses": 2,
        "Of which: Interest expense": "N/A",
        "Cost of sales": "N/A",
        "Enterprise cost management": 1905,
        "Total Operating Expenses": 1907,
        "Total revenue financing activities": 1005,
        "Net profit from business activities": 3568,
        "Profit": 1352,
        "Profit before tax": 4920,
        "Present corporate income tax expenses": 692,
        "Deferred income taxes expenses": "N/A",
        "The interests of minority shareholders": "N/A",
        "Total Cost of profits": 692,
        "Profit after tax corporate income": 4228,
        "Volume": 4800000,
        "Close of Quarter": 7.1,
        "EPS": 1076.9,
        "Non-adjusted EPS": 2940,
        "PE": 2.4,
        "Book Price": 6.3
      }
    },
    {
      "quarter": "Q3 2006",
      "income status": {
        "Net sales": 22877,
        "Cost of goods sold": 18920,
        "Gross Profit": 3957,
        "Financial expenses": "N/A",
        "Of which: Interest expense": "N/A",
        "Cost of sales": "N/A",
        "Enterprise cost management": 1432,
        "Total Operating Expenses": 1432,
        "Total revenue financing activities": 138,
        "Net profit from business activities": 2663,
        "Profit": 369,
        "Profit before tax": 3032,
        "Present corporate income tax expenses": 424,
        "Deferred income taxes expenses": "N/A",
        "The interests of minority shareholders": "N/A",
        "Total Cost of profits": 424,
        "Profit after tax corporate income": 2607,
        "Volume": 4800000,
        "Close of Quarter": 9.0,
        "EPS": 754.2,
        "Non-adjusted EPS": 2059,
        "PE": 4.4,
        "Book Price": 5.4
      }
    },
    {
      "quarter": "Q2 2006",
      "income status": {
        "Net sales": 22567,
        "Cost of goods sold": 19826,
        "Gross Profit": 2741,
        "Financial expenses": 6,
        "Of which: Interest expense": "N/A",
        "Cost of sales": "N/A",
        "Enterprise cost management": 1187,
        "Total Operating Expenses": 1193,
        "Total revenue financing activities": 1350,
        "Net profit from business activities": 2898,
        "Profit": 1579,
        "Profit before tax": 4477,
        "Present corporate income tax expenses": 624,
        "Deferred income taxes expenses": "N/A",
        "The interests of minority shareholders": "N/A",
        "Total Cost of profits": 624,
        "Profit after tax corporate income": 3853,
        "Volume": 4800000,
        "Close of Quarter": 7.2,
        "EPS": 555.3,
        "Non-adjusted EPS": 1516,
        "PE": 4.7,
        "Book Price": 5.2
      }
    },
    {
      "quarter": "Q1 2006",
      "income status": {
        "Net sales": 20057,
        "Cost of goods sold": 16769,
        "Gross Profit": 3288,
        "Financial expenses": 1571,
        "Of which: Interest expense": "N/A",
        "Cost of sales": "N/A",
        "Enterprise cost management": 1276,
        "Total Operating Expenses": 2847,
        "Total revenue financing activities": 3152,
        "Net profit from business activities": 3593,
        "Profit": 388,
        "Profit before tax": 3981,
        "Present corporate income tax expenses": 557,
        "Deferred income taxes expenses": "N/A",
        "The interests of minority shareholders": "N/A",
        "Total Cost of profits": 557,
        "Profit after tax corporate income": 3424,
        "Volume": 4800000,
        "Close of Quarter": 7.2,
        "EPS": 261.2,
        "Non-adjusted EPS": 713,
        "PE": 10.1,
        "Book Price": 5.0
      }
    }
  ]
}