{
  "ticker": "BVH",
  "data": [
    {
      "quarter": "Q1 2017",
      "income status": {
        "Net sales": 3004924,
        "Cost of goods sold": 2899273,
        "Gross Profit": 105650,
        "Financial expenses": "N/A",
        "Of which: Interest expense": "N/A",
        "Cost of sales": "N/A",
        "Enterprise cost management": 606585,
        "Total Operating Expenses": 606585,
        "Total revenue financing activities": "N/A",
        "Net profit from business activities": -500935,
        "Profit": 974894,
        "Profit before tax": 473959,
        "Present corporate income tax expenses": "N/A",
        "Deferred income taxes expenses": "N/A",
        "The interests of minority shareholders": 10748,
        "Total Cost of profits": 10748,
        "Profit after tax corporate income": 371869,
        "Volume": 680471434,
        "Close of Quarter": 59.2,
        "EPS": 1913,
        "Non-adjusted EPS": 1913,
        "PE": 31.0,
        "Book Price": 19.8
      }
    },
    {
      "quarter": "Q4 2016",
      "income status": {
        "Net sales": 3300501,
        "Cost of goods sold": 3060823,
        "Gross Profit": 239677,
        "Financial expenses": "N/A",
        "Of which: Interest expense": "N/A",
        "Cost of sales": "N/A",
        "Enterprise cost management": 733129,
        "Total Operating Expenses": 733129,
        "Total revenue financing activities": "N/A",
        "Net profit from business activities": -493452,
        "Profit": 819504,
        "Profit before tax": 326052,
        "Present corporate income tax expenses": "N/A",
        "Deferred income taxes expenses": "N/A",
        "The interests of minority shareholders": 11468,
        "Total Cost of profits": 11468,
        "Profit after tax corporate income": 263999,
        "Volume": 680471434,
        "Close of Quarter": 58.2,
        "EPS": 1930,
        "Non-adjusted EPS": 1930,
        "PE": 30.2,
        "Book Price": 19.6
      }
    },
    {
      "quarter": "Q3 2016",
      "income status": {
        "Net sales": 2861580,
        "Cost of goods sold": 2778757,
        "Gross Profit": 80567,
        "Financial expenses": "N/A",
        "Of which: Interest expense": "N/A",
        "Cost of sales": "N/A",
        "Enterprise cost management": 542280,
        "Total Operating Expenses": 542280,
        "Total revenue financing activities": "N/A",
        "Net profit from business activities": -461713,
        "Profit": 822857,
        "Profit before tax": 361144,
        "Present corporate income tax expenses": "N/A",
        "Deferred income taxes expenses": "N/A",
        "The interests of minority shareholders": 6763,
        "Total Cost of profits": 6763,
        "Profit after tax corporate income": 282474,
        "Volume": 680471434,
        "Close of Quarter": 70.9,
        "EPS": 1841,
        "Non-adjusted EPS": 1841,
        "PE": 38.5,
        "Book Price": 19.2
      }
    },
    {
      "quarter": "Q2 2016",
      "income status": {
        "Net sales": 2787861,
        "Cost of goods sold": 2688360,
        "Gross Profit": 99501,
        "Financial expenses": "N/A",
        "Of which: Interest expense": "N/A",
        "Cost of sales": "N/A",
        "Enterprise cost management": 453051,
        "Total Operating Expenses": 453051,
        "Total revenue financing activities": "N/A",
        "Net profit from business activities": -353550,
        "Profit": 829653,
        "Profit before tax": 476103,
        "Present corporate income tax expenses": "N/A",
        "Deferred income taxes expenses": "N/A",
        "The interests of minority shareholders": 14086,
        "Total Cost of profits": 14086,
        "Profit after tax corporate income": 383343,
        "Volume": 680471434,
        "Close of Quarter": 59,
        "EPS": 1746,
        "Non-adjusted EPS": 1746,
        "PE": 33.8,
        "Book Price": 18.9
      }
    },
    {
      "quarter": "Q1 2016",
      "income status": {
        "Net sales": 2487677,
        "Cost of goods sold": 2307820,
        "Gross Profit": 179857,
        "Financial expenses": "N/A",
        "Of which: Interest expense": "N/A",
        "Cost of sales": "N/A",
        "Enterprise cost management": 422361,
        "Total Operating Expenses": 422361,
        "Total revenue financing activities": "N/A",
        "Net profit from business activities": -242505,
        "Profit": 722659,
        "Profit before tax": 480155,
        "Present corporate income tax expenses": "N/A",
        "Deferred income taxes expenses": "N/A",
        "The interests of minority shareholders": 9198,
        "Total Cost of profits": 9198,
        "Profit after tax corporate income": 383403,
        "Volume": 680471434,
        "Close of Quarter": 49.3,
        "EPS": 1695,
        "Non-adjusted EPS": 1695,
        "PE": 29.1,
        "Book Price": 19.2
      }
    },
    {
      "quarter": "Q4 2015",
      "income status": {
        "Net sales": 2328929,
        "Cost of goods sold": 2521154,
        "Gross Profit": -192225,
        "Financial expenses": "N/A",
        "Of which: Interest expense": "N/A",
        "Cost of sales": "N/A",
        "Enterprise cost management": 466297,
        "Total Operating Expenses": 466297,
        "Total revenue financing activities": "N/A",
        "Net profit from business activities": -658522,
        "Profit": 908920,
        "Profit before tax": 250398,
        "Present corporate income tax expenses": "N/A",
        "Deferred income taxes expenses": "N/A",
        "The interests of minority shareholders": 8129,
        "Total Cost of profits": 8129,
        "Profit after tax corporate income": 203388,
        "Volume": 680471434,
        "Close of Quarter": 52.3,
        "EPS": 1652,
        "Non-adjusted EPS": 1652,
        "PE": 31.7,
        "Book Price": 18.6
      }
    },
    {
      "quarter": "Q3 2015",
      "income status": {
        "Net sales": 2457266,
        "Cost of goods sold": 2361773,
        "Gross Profit": 95493,
        "Financial expenses": "N/A",
        "Of which: Interest expense": "N/A",
        "Cost of sales": "N/A",
        "Enterprise cost management": 397926,
        "Total Operating Expenses": 397926,
        "Total revenue financing activities": "N/A",
        "Net profit from business activities": -302433,
        "Profit": 593309,
        "Profit before tax": 290876,
        "Present corporate income tax expenses": "N/A",
        "Deferred income taxes expenses": "N/A",
        "The interests of minority shareholders": 10569,
        "Total Cost of profits": 10569,
        "Profit after tax corporate income": 217782,
        "Volume": 680471434,
        "Close of Quarter": 45.9,
        "EPS": 1851,
        "Non-adjusted EPS": 1851,
        "PE": 24.8,
        "Book Price": 18.4
      }
    },
    {
      "quarter": "Q2 2015",
      "income status": {
        "Net sales": 2591026,
        "Cost of goods sold": 2319633,
        "Gross Profit": 271393,
        "Financial expenses": "N/A",
        "Of which: Interest expense": "N/A",
        "Cost of sales": "N/A",
        "Enterprise cost management": 380602,
        "Total Operating Expenses": 380602,
        "Total revenue financing activities": "N/A",
        "Net profit from business activities": -109209,
        "Profit": 559443,
        "Profit before tax": 450234,
        "Present corporate income tax expenses": "N/A",
        "Deferred income taxes expenses": "N/A",
        "The interests of minority shareholders": 12088,
        "Total Cost of profits": 12088,
        "Profit after tax corporate income": 348632,
        "Volume": 680471434,
        "Close of Quarter": 40.5,
        "EPS": 1995,
        "Non-adjusted EPS": 1995,
        "PE": 20.3,
        "Book Price": 18.1
      }
    },
    {
      "quarter": "Q1 2015",
      "income status": {
        "Net sales": 3393190,
        "Cost of goods sold": 2997621,
        "Gross Profit": 395569,
        "Financial expenses": "N/A",
        "Of which: Interest expense": "N/A",
        "Cost of sales": "N/A",
        "Enterprise cost management": 546416,
        "Total Operating Expenses": 546416,
        "Total revenue financing activities": "N/A",
        "Net profit from business activities": -150847,
        "Profit": 605932,
        "Profit before tax": 455085,
        "Present corporate income tax expenses": "N/A",
        "Deferred income taxes expenses": "N/A",
        "The interests of minority shareholders": 16283,
        "Total Cost of profits": 16283,
        "Profit after tax corporate income": 354388,
        "Volume": 680471434,
        "Close of Quarter": 32.8,
        "EPS": 1825,
        "Non-adjusted EPS": 1825,
        "PE": 18.0,
        "Book Price": 18.6
      }
    },
    {
      "quarter": "Q4 2014",
      "income status": {
        "Net sales": 2198257,
        "Cost of goods sold": 1845395,
        "Gross Profit": 352754,
        "Financial expenses": "N/A",
        "Of which: Interest expense": "N/A",
        "Cost of sales": 183041,
        "Enterprise cost management": 731096,
        "Total Operating Expenses": 914137,
        "Total revenue financing activities": "N/A",
        "Net profit from business activities": -561383,
        "Profit": 986556,
        "Profit before tax": 425172,
        "Present corporate income tax expenses": "N/A",
        "Deferred income taxes expenses": "N/A",
        "The interests of minority shareholders": 17036,
        "Total Cost of profits": 17036,
        "Profit after tax corporate income": 338828,
        "Volume": 680471434,
        "Close of Quarter": 30.7,
        "EPS": 1896,
        "Non-adjusted EPS": 1896,
        "PE": 16.2,
        "Book Price": 18.2
      }
    },
    {
      "quarter": "Q3 2014",
      "income status": {
        "Net sales": 2199875,
        "Cost of goods sold": 1854545,
        "Gross Profit": 345330,
        "Financial expenses": "N/A",
        "Of which: Interest expense": "N/A",
        "Cost of sales": 133030,
        "Enterprise cost management": 550029,
        "Total Operating Expenses": 683059,
        "Total revenue financing activities": "N/A",
        "Net profit from business activities": -337729,
        "Profit": 731312,
        "Profit before tax": 393584,
        "Present corporate income tax expenses": "N/A",
        "Deferred income taxes expenses": "N/A",
        "The interests of minority shareholders": 11776,
        "Total Cost of profits": 11776,
        "Profit after tax corporate income": 315563,
        "Volume": 680471434,
        "Close of Quarter": 38.5,
        "EPS": 1847,
        "Non-adjusted EPS": 1847,
        "PE": 20.9,
        "Book Price": 17.7
      }
    },
    {
      "quarter": "Q2 2014",
      "income status": {
        "Net sales": 3174939,
        "Cost of goods sold": 2685834,
        "Gross Profit": 489104,
        "Financial expenses": "N/A",
        "Of which: Interest expense": "N/A",
        "Cost of sales": 112094,
        "Enterprise cost management": 527395,
        "Total Operating Expenses": 639489,
        "Total revenue financing activities": "N/A",
        "Net profit from business activities": -150385,
        "Profit": 437875,
        "Profit before tax": 287489,
        "Present corporate income tax expenses": "N/A",
        "Deferred income taxes expenses": "N/A",
        "The interests of minority shareholders": 4505,
        "Total Cost of profits": 4505,
        "Profit after tax corporate income": 233331,
        "Volume": 680471434,
        "Close of Quarter": 39.3,
        "EPS": 1796,
        "Non-adjusted EPS": 1796,
        "PE": 21.9,
        "Book Price": 17.3
      }
    },
    {
      "quarter": "Q1 2014",
      "income status": {
        "Net sales": 2022284,
        "Cost of goods sold": 1589328,
        "Gross Profit": 432956,
        "Financial expenses": "N/A",
        "Of which: Interest expense": "N/A",
        "Cost of sales": 84590,
        "Enterprise cost management": 532836,
        "Total Operating Expenses": 617426,
        "Total revenue financing activities": "N/A",
        "Net profit from business activities": -184470,
        "Profit": 721943,
        "Profit before tax": 537474,
        "Present corporate income tax expenses": "N/A",
        "Deferred income taxes expenses": "N/A",
        "The interests of minority shareholders": 41759,
        "Total Cost of profits": 41759,
        "Profit after tax corporate income": 402631,
        "Volume": 680471434,
        "Close of Quarter": 41.7,
        "EPS": 1719,
        "Non-adjusted EPS": 1719,
        "PE": 24.2,
        "Book Price": 18.5
      }
    },
    {
      "quarter": "Q4 2013",
      "income status": {
        "Net sales": 2040435,
        "Cost of goods sold": 1735682,
        "Gross Profit": 304753,
        "Financial expenses": "N/A",
        "Of which: Interest expense": "N/A",
        "Cost of sales": 133720,
        "Enterprise cost management": 662027,
        "Total Operating Expenses": 795747,
        "Total revenue financing activities": "N/A",
        "Net profit from business activities": -490994,
        "Profit": 969071,
        "Profit before tax": 478077,
        "Present corporate income tax expenses": "N/A",
        "Deferred income taxes expenses": "N/A",
        "The interests of minority shareholders": 46471,
        "Total Cost of profits": 46471,
        "Profit after tax corporate income": 305474,
        "Volume": 680471434,
        "Close of Quarter": 34.9,
        "EPS": 1741,
        "Non-adjusted EPS": 1741,
        "PE": 20.1,
        "Book Price": 17.9
      }
    },
    {
      "quarter": "Q3 2013",
      "income status": {
        "Net sales": 2131065,
        "Cost of goods sold": 1684976,
        "Gross Profit": 446089,
        "Financial expenses": "N/A",
        "Of which: Interest expense": "N/A",
        "Cost of sales": 86543,
        "Enterprise cost management": 482467,
        "Total Operating Expenses": 569010,
        "Total revenue financing activities": "N/A",
        "Net profit from business activities": -122921,
        "Profit": 542461,
        "Profit before tax": 419541,
        "Present corporate income tax expenses": "N/A",
        "Deferred income taxes expenses": "N/A",
        "The interests of minority shareholders": 34574,
        "Total Cost of profits": 34574,
        "Profit after tax corporate income": 280512,
        "Volume": 680471434,
        "Close of Quarter": 34.5,
        "EPS": 2005,
        "Non-adjusted EPS": 2005,
        "PE": 17.2,
        "Book Price": 17.5
      }
    },
    {
      "quarter": "Q2 2013",
      "income status": {
        "Net sales": 2194994,
        "Cost of goods sold": 1705090,
        "Gross Profit": 489904,
        "Financial expenses": "N/A",
        "Of which: Interest expense": "N/A",
        "Cost of sales": 76035,
        "Enterprise cost management": 520940,
        "Total Operating Expenses": 596975,
        "Total revenue financing activities": "N/A",
        "Net profit from business activities": -107071,
        "Profit": 259980,
        "Profit before tax": 152910,
        "Present corporate income tax expenses": "N/A",
        "Deferred income taxes expenses": "N/A",
        "The interests of minority shareholders": -56341,
        "Total Cost of profits": -56341,
        "Profit after tax corporate income": 181240,
        "Volume": 680471434,
        "Close of Quarter": 38.9,
        "EPS": 1934,
        "Non-adjusted EPS": 1934,
        "PE": 20.1,
        "Book Price": 18.5
      }
    },
    {
      "quarter": "Q1 2012",
      "income status": {
        "Net sales": 1992335,
        "Cost of goods sold": 1556658,
        "Gross Profit": 435677,
        "Financial expenses": "N/A",
        "Of which: Interest expense": "N/A",
        "Cost of sales": 68867,
        "Enterprise cost management": 475375,
        "Total Operating Expenses": 544242,
        "Total revenue financing activities": "N/A",
        "Net profit from business activities": -108565,
        "Profit": 732690,
        "Profit before tax": 624125,
        "Present corporate income tax expenses": "N/A",
        "Deferred income taxes expenses": "N/A",
        "The interests of minority shareholders": 26561,
        "Total Cost of profits": 26561,
        "Profit after tax corporate income": 417214,
        "Volume": 680471434,
        "Close of Quarter": 65.8,
        "EPS": 2036,
        "Non-adjusted EPS": 2036,
        "PE": 32.3,
        "Book Price": 17.8
      }
    },
    {
      "quarter": "Q4 2011",
      "income status": {
        "Net sales": 2191999,
        "Cost of goods sold": 1560066,
        "Gross Profit": 631933,
        "Financial expenses": "N/A",
        "Of which: Interest expense": "N/A",
        "Cost of sales": 73834,
        "Enterprise cost management": 497251,
        "Total Operating Expenses": 571085,
        "Total revenue financing activities": "N/A",
        "Net profit from business activities": 60848,
        "Profit": 466028,
        "Profit before tax": 526875,
        "Present corporate income tax expenses": "N/A",
        "Deferred income taxes expenses": "N/A",
        "The interests of minority shareholders": -9618,
        "Total Cost of profits": -9618,
        "Profit after tax corporate income": 485694,
        "Volume": 680471434,
        "Close of Quarter": 35.9,
        "EPS": 1822,
        "Non-adjusted EPS": 1822,
        "PE": 19.7,
        "Book Price": 17.3
      }
    },
    {
      "quarter": "Q3 2011",
      "income status": {
        "Net sales": 1930896,
        "Cost of goods sold": 1589308,
        "Gross Profit": 341587,
        "Financial expenses": "N/A",
        "Of which: Interest expense": "N/A",
        "Cost of sales": 69181,
        "Enterprise cost management": 598800,
        "Total Operating Expenses": 667981,
        "Total revenue financing activities": "N/A",
        "Net profit from business activities": -326394,
        "Profit": 679747,
        "Profit before tax": 353353,
        "Present corporate income tax expenses": "N/A",
        "Deferred income taxes expenses": "N/A",
        "The interests of minority shareholders": 28851,
        "Total Cost of profits": 28851,
        "Profit after tax corporate income": 232133,
        "Volume": 680471434,
        "Close of Quarter": 58.7,
        "EPS": 1408,
        "Non-adjusted EPS": 1408,
        "PE": 41.7,
        "Book Price": 16.6
      }
    },
    {
      "quarter": "Q2 2011",
      "income status": {
        "Net sales": 2009386,
        "Cost of goods sold": 1645282,
        "Gross Profit": 364104,
        "Financial expenses": "N/A",
        "Of which: Interest expense": "N/A",
        "Cost of sales": 53306,
        "Enterprise cost management": 553972,
        "Total Operating Expenses": 607278,
        "Total revenue financing activities": "N/A",
        "Net profit from business activities": -243174,
        "Profit": 561879,
        "Profit before tax": 318705,
        "Present corporate income tax expenses": "N/A",
        "Deferred income taxes expenses": "N/A",
        "The interests of minority shareholders": 356,
        "Total Cost of profits": 356,
        "Profit after tax corporate income": 250582,
        "Volume": 680471434,
        "Close of Quarter": 68.8,
        "EPS": 1383,
        "Non-adjusted EPS": 1383,
        "PE": 49.8,
        "Book Price": 17.2
      }
    },
    {
      "quarter": "Q1 2011",
      "income status": {
        "Net sales": 1758104,
        "Cost of goods sold": 1407167,
        "Gross Profit": 350937,
        "Financial expenses": "N/A",
        "Of which: Interest expense": "N/A",
        "Cost of sales": 44893,
        "Enterprise cost management": 426739,
        "Total Operating Expenses": 471632,
        "Total revenue financing activities": "N/A",
        "Net profit from business activities": -120695,
        "Profit": 464323,
        "Profit before tax": 344929,
        "Present corporate income tax expenses": "N/A",
        "Deferred income taxes expenses": "N/A",
        "The interests of minority shareholders": -15878,
        "Total Cost of profits": -15878,
        "Profit after tax corporate income": 271264,
        "Volume": 680471434,
        "Close of Quarter": 64.4,
        "EPS": 1456,
        "Non-adjusted EPS": 1456,
        "PE": 44.2,
        "Book Price": 17.1
      }
    },
    {
      "quarter": "Q4 2010",
      "income status": {
        "Net sales": 1743045,
        "Cost of goods sold": 1545504,
        "Gross Profit": 197540,
        "Financial expenses": "N/A",
        "Of which: Interest expense": "N/A",
        "Cost of sales": 42808,
        "Enterprise cost management": 304010,
        "Total Operating Expenses": 346818,
        "Total revenue financing activities": "N/A",
        "Net profit from business activities": -149277,
        "Profit": 422325,
        "Profit before tax": 273048,
        "Present corporate income tax expenses": "N/A",
        "Deferred income taxes expenses": "N/A",
        "The interests of minority shareholders": 17371,
        "Total Cost of profits": 17371,
        "Profit after tax corporate income": 203911,
        "Volume": 626709079,
        "Close of Quarter": 55.7,
        "EPS": 1399.9,
        "Non-adjusted EPS": 1520,
        "PE": 36.7,
        "Book Price": 15.8
      }
    },
    {
      "quarter": "Q3 2010",
      "income status": {
        "Net sales": 1569403,
        "Cost of goods sold": 1331507,
        "Gross Profit": 237896,
        "Financial expenses": "N/A",
        "Of which: Interest expense": "N/A",
        "Cost of sales": 38476,
        "Enterprise cost management": 277301,
        "Total Operating Expenses": 315777,
        "Total revenue financing activities": "N/A",
        "Net profit from business activities": -77880,
        "Profit": 339882,
        "Profit before tax": 262002,
        "Present corporate income tax expenses": "N/A",
        "Deferred income taxes expenses": "N/A",
        "The interests of minority shareholders": -24946,
        "Total Cost of profits": -24946,
        "Profit after tax corporate income": 215002,
        "Volume": 626709079,
        "Close of Quarter": 47.9,
        "EPS": 1100.6,
        "Non-adjusted EPS": 1195,
        "PE": 40.1,
        "Book Price": 15.6
      }
    },
    {
      "quarter": "Q2 2010",
      "income status": {
        "Net sales": 1696368,
        "Cost of goods sold": 1354964,
        "Gross Profit": 341404,
        "Financial expenses": "N/A",
        "Of which: Interest expense": "N/A",
        "Cost of sales": 38567,
        "Enterprise cost management": 365734,
        "Total Operating Expenses": 404301,
        "Total revenue financing activities": "N/A",
        "Net profit from business activities": -62898,
        "Profit": 465805,
        "Profit before tax": 402907,
        "Present corporate income tax expenses": "N/A",
        "Deferred income taxes expenses": "N/A",
        "The interests of minority shareholders": 16585,
        "Total Cost of profits": 16585,
        "Profit after tax corporate income": 300816,
        "Volume": 626709079,
        "Close of Quarter": 37.4,
        "EPS": 1209.3,
        "Non-adjusted EPS": 1313,
        "PE": 28.5,
        "Book Price": 15.2
      }
    },
    {
      "quarter": "Q1 2010",
      "income status": {
        "Net sales": 1433718,
        "Cost of goods sold": 1235314,
        "Gross Profit": 198404,
        "Financial expenses": "N/A",
        "Of which: Interest expense": "N/A",
        "Cost of sales": 22987,
        "Enterprise cost management": 381325,
        "Total Operating Expenses": 404312,
        "Total revenue financing activities": "N/A",
        "Net profit from business activities": -205907,
        "Profit": 516857,
        "Profit before tax": 310949,
        "Present corporate income tax expenses": "N/A",
        "Deferred income taxes expenses": "N/A",
        "The interests of minority shareholders": 12693,
        "Total Cost of profits": 12693,
        "Profit after tax corporate income": 232868,
        "Volume": 573026605,
        "Close of Quarter": 33.8,
        "EPS": 869.9,
        "Non-adjusted EPS": 1033,
        "PE": 32.8,
        "Book Price": 15.8
      }
    },
    {
      "quarter": "Q4 2009",
      "income status": {
        "Net sales": "N/A",
        "Cost of goods sold": "N/A",
        "Gross Profit": "N/A",
        "Financial expenses": "N/A",
        "Of which: Interest expense": "N/A",
        "Cost of sales": "N/A",
        "Enterprise cost management": "N/A",
        "Total Operating Expenses": 0,
        "Total revenue financing activities": "N/A",
        "Net profit from business activities": "N/A",
        "Profit": "N/A",
        "Profit before tax": "N/A",
        "Present corporate income tax expenses": "N/A",
        "Deferred income taxes expenses": "N/A",
        "The interests of minority shareholders": "N/A",
        "Total Cost of profits": 0,
        "Profit after tax corporate income": 0,
        "Volume": 573026605,
        "Close of Quarter": 24.3,
        "EPS": 568.4,
        "Non-adjusted EPS": 675,
        "PE": 36,
        "Book Price": 12.6
      }
    },
    {
      "quarter": "Q3 2009",
      "income status": {
        "Net sales": "N/A",
        "Cost of goods sold": 1197983,
        "Gross Profit": 120923,
        "Financial expenses": "N/A",
        "Of which: Interest expense": "N/A",
        "Cost of sales": 31982,
        "Enterprise cost management": 363638,
        "Total Operating Expenses": 395620,
        "Total revenue financing activities": "N/A",
        "Net profit from business activities": 196453,
        "Profit": 43850,
        "Profit before tax": 343912,
        "Present corporate income tax expenses": "N/A",
        "Deferred income taxes expenses": "N/A",
        "The interests of minority shareholders": "N/A",
        "Total Cost of profits": 0,
        "Profit after tax corporate income": 289101,
        "Volume": 573026605,
        "Close of Quarter": 30.3,
        "EPS": 568.4,
        "Non-adjusted EPS": 675,
        "PE": 45.0,
        "Book Price": 12.3
      }
    },
    {
      "quarter": "Q2 2009",
      "income status": {
        "Net sales": 1607049,
        "Cost of goods sold": 191872,
        "Gross Profit": 1607049,
        "Financial expenses": "N/A",
        "Of which: Interest expense": "N/A",
        "Cost of sales": 30798,
        "Enterprise cost management": 426333,
        "Total Operating Expenses": 457131,
        "Total revenue financing activities": "N/A",
        "Net profit from business activities": 104396,
        "Profit": 35376,
        "Profit before tax": 254586,
        "Present corporate income tax expenses": "N/A",
        "Deferred income taxes expenses": "N/A",
        "The interests of minority shareholders": "N/A",
        "Total Cost of profits": 0,
        "Profit after tax corporate income": 70135,
        "Volume": 573026605,
        "Close of Quarter": 42.1,
        "EPS": 144,
        "Non-adjusted EPS": 171,
        "PE": 246.1,
        "Book Price": 12.0
      }
    },
    {
      "quarter": "Q1 2009",
      "income status": {
        "Net sales": 1423660,
        "Cost of goods sold": 167592,
        "Gross Profit": 1423660,
        "Financial expenses": "N/A",
        "Of which: Interest expense": "N/A",
        "Cost of sales": 22069,
        "Enterprise cost management": 377154,
        "Total Operating Expenses": 399223,
        "Total revenue financing activities": "N/A",
        "Net profit from business activities": 5158,
        "Profit": 3777,
        "Profit before tax": 314187,
        "Present corporate income tax expenses": "N/A",
        "Deferred income taxes expenses": "N/A",
        "The interests of minority shareholders": "N/A",
        "Total Cost of profits": 0,
        "Profit after tax corporate income": 27729,
        "Volume": 573026605,
        "Close of Quarter": "N/A",
        "EPS": 40.4,
        "Non-adjusted EPS": 48,
        "PE": "N/A",
        "Book Price": 11.6
      }
    }
  ]
}