{
  "ticker": "SD3",
  "data": [
    {
      "quarter": "Q4 2016",
      "income status": {
        "Net sales": 174900,
        "Cost of goods sold": 142370,
        "Gross Profit": 32530,
        "Financial expenses": 22610,
        "Of which: Interest expense": 24131,
        "Cost of sales": "N/A",
        "Enterprise cost management": 6296,
        "Total Operating Expenses": 28906,
        "Total revenue financing activities": 546,
        "Net profit from business activities": 4170,
        "Profit": -59,
        "Profit before tax": 4110,
        "Present corporate income tax expenses": 497,
        "Deferred income taxes expenses": "N/A",
        "The interests of minority shareholders": -37,
        "Total Cost of profits": 460,
        "Profit after tax corporate income": 3651,
        "Volume": 15999356,
        "Close of Quarter": 8,
        "EPS": 880,
        "Non-adjusted EPS": 880,
        "PE": 9.1,
        "Book Price": 18.7
      }
    },
    {
      "quarter": "Q3 2016",
      "income status": {
        "Net sales": 132921,
        "Cost of goods sold": 114659,
        "Gross Profit": 18262,
        "Financial expenses": 12708,
        "Of which: Interest expense": 11151,
        "Cost of sales": "N/A",
        "Enterprise cost management": 12622,
        "Total Operating Expenses": 25330,
        "Total revenue financing activities": 9,
        "Net profit from business activities": -7059,
        "Profit": -101,
        "Profit before tax": -7159,
        "Present corporate income tax expenses": "N/A",
        "Deferred income taxes expenses": "N/A",
        "The interests of minority shareholders": -86,
        "Total Cost of profits": -86,
        "Profit after tax corporate income": -7073,
        "Volume": 15999356,
        "Close of Quarter": 10.9,
        "EPS": 1034,
        "Non-adjusted EPS": 1034,
        "PE": 10.5,
        "Book Price": 18.5
      }
    },
    {
      "quarter": "Q2 2016",
      "income status": {
        "Net sales": 157606,
        "Cost of goods sold": 108157,
        "Gross Profit": 49449,
        "Financial expenses": 27624,
        "Of which: Interest expense": 27624,
        "Cost of sales": "N/A",
        "Enterprise cost management": 13369,
        "Total Operating Expenses": 40993,
        "Total revenue financing activities": 450,
        "Net profit from business activities": 8907,
        "Profit": 4125,
        "Profit before tax": 13031,
        "Present corporate income tax expenses": 727,
        "Deferred income taxes expenses": "N/A",
        "The interests of minority shareholders": 98,
        "Total Cost of profits": 825,
        "Profit after tax corporate income": 12207,
        "Volume": 15999356,
        "Close of Quarter": 7.4,
        "EPS": 1675,
        "Non-adjusted EPS": 1675,
        "PE": 4.4,
        "Book Price": 18.9
      }
    },
    {
      "quarter": "Q1 2016",
      "income status": {
        "Net sales": 84425,
        "Cost of goods sold": 54725,
        "Gross Profit": 29701,
        "Financial expenses": 12180,
        "Of which: Interest expense": 12180,
        "Cost of sales": "N/A",
        "Enterprise cost management": 11885,
        "Total Operating Expenses": 24065,
        "Total revenue financing activities": 18,
        "Net profit from business activities": 5654,
        "Profit": -22,
        "Profit before tax": 5632,
        "Present corporate income tax expenses": 288,
        "Deferred income taxes expenses": "N/A",
        "The interests of minority shareholders": 42,
        "Total Cost of profits": 330,
        "Profit after tax corporate income": 5301,
        "Volume": 15999356,
        "Close of Quarter": 7.2,
        "EPS": 934,
        "Non-adjusted EPS": 934,
        "PE": 7.7,
        "Book Price": 18.7
      }
    },
    {
      "quarter": "Q3 2015",
      "income status": {
        "Net sales": 154575,
        "Cost of goods sold": 133637,
        "Gross Profit": 20938,
        "Financial expenses": 6649,
        "Of which: Interest expense": 5524,
        "Cost of sales": "N/A",
        "Enterprise cost management": 8131,
        "Total Operating Expenses": 14780,
        "Total revenue financing activities": 15,
        "Net profit from business activities": 6174,
        "Profit": -60,
        "Profit before tax": 6114,
        "Present corporate income tax expenses": "N/A",
        "Deferred income taxes expenses": "N/A",
        "The interests of minority shareholders": "N/A",
        "Total Cost of profits": 0,
        "Profit after tax corporate income": 6114,
        "Volume": 15999356,
        "Close of Quarter": 9.1,
        "EPS": 817,
        "Non-adjusted EPS": 817,
        "PE": 11.1,
        "Book Price": "N/A"
      }
    },
    {
      "quarter": "Q2 2015",
      "income status": {
        "Net sales": 196158,
        "Cost of goods sold": 173537,
        "Gross Profit": 22621,
        "Financial expenses": 5524,
        "Of which: Interest expense": 5524,
        "Cost of sales": "N/A",
        "Enterprise cost management": 12342,
        "Total Operating Expenses": 17866,
        "Total revenue financing activities": 44,
        "Net profit from business activities": 4799,
        "Profit": -1618,
        "Profit before tax": 3181,
        "Present corporate income tax expenses": "N/A",
        "Deferred income taxes expenses": "N/A",
        "The interests of minority shareholders": "N/A",
        "Total Cost of profits": 0,
        "Profit after tax corporate income": 3181,
        "Volume": 15999356,
        "Close of Quarter": 6.8,
        "EPS": 268,
        "Non-adjusted EPS": 268,
        "PE": 25.4,
        "Book Price": "N/A"
      }
    },
    {
      "quarter": "Q1 2014",
      "income status": {
        "Net sales": 33285,
        "Cost of goods sold": 21523,
        "Gross Profit": 11762,
        "Financial expenses": 4412,
        "Of which: Interest expense": 3371,
        "Cost of sales": "N/A",
        "Enterprise cost management": 7058,
        "Total Operating Expenses": 11470,
        "Total revenue financing activities": 33,
        "Net profit from business activities": 325,
        "Profit": 27,
        "Profit before tax": 352,
        "Present corporate income tax expenses": "N/A",
        "Deferred income taxes expenses": "N/A",
        "The interests of minority shareholders": "N/A",
        "Total Cost of profits": 0,
        "Profit after tax corporate income": 352,
        "Volume": 15999356,
        "Close of Quarter": 6.4,
        "EPS": 521,
        "Non-adjusted EPS": 521,
        "PE": 12.2,
        "Book Price": 17.7
      }
    },
    {
      "quarter": "Q2 2013",
      "income status": {
        "Net sales": 78649,
        "Cost of goods sold": 67029,
        "Gross Profit": 11621,
        "Financial expenses": 2985,
        "Of which: Interest expense": 2809,
        "Cost of sales": "N/A",
        "Enterprise cost management": 6591,
        "Total Operating Expenses": 9576,
        "Total revenue financing activities": 27,
        "Net profit from business activities": 2071,
        "Profit": 310,
        "Profit before tax": 2382,
        "Present corporate income tax expenses": "N/A",
        "Deferred income taxes expenses": -1050,
        "The interests of minority shareholders": "N/A",
        "Total Cost of profits": -1050,
        "Profit after tax corporate income": 3432,
        "Volume": 15999356,
        "Close of Quarter": 1.3,
        "EPS": 816,
        "Non-adjusted EPS": 816,
        "PE": 1.6,
        "Book Price": 16.6
      }
    },
    {
      "quarter": "Q1 2013",
      "income status": {
        "Net sales": 40335,
        "Cost of goods sold": 33393,
        "Gross Profit": 6942,
        "Financial expenses": 2764,
        "Of which: Interest expense": 2764,
        "Cost of sales": "N/A",
        "Enterprise cost management": 6981,
        "Total Operating Expenses": 9745,
        "Total revenue financing activities": 101,
        "Net profit from business activities": -2702,
        "Profit": 18,
        "Profit before tax": -2684,
        "Present corporate income tax expenses": "N/A",
        "Deferred income taxes expenses": "N/A",
        "The interests of minority shareholders": "N/A",
        "Total Cost of profits": 0,
        "Profit after tax corporate income": -2684,
        "Volume": 15999356,
        "Close of Quarter": 1.3,
        "EPS": -468,
        "Non-adjusted EPS": -468,
        "PE": -2.9,
        "Book Price": "N/A"
      }
    },
    {
      "quarter": "Q4 2011",
      "income status": {
        "Net sales": 117556,
        "Cost of goods sold": 97889,
        "Gross Profit": 19667,
        "Financial expenses": 5035,
        "Of which: Interest expense": 5035,
        "Cost of sales": "N/A",
        "Enterprise cost management": 7565,
        "Total Operating Expenses": 12600,
        "Total revenue financing activities": -239,
        "Net profit from business activities": 7236,
        "Profit": 3,
        "Profit before tax": 7239,
        "Present corporate income tax expenses": "N/A",
        "Deferred income taxes expenses": "N/A",
        "The interests of minority shareholders": "N/A",
        "Total Cost of profits": 0,
        "Profit after tax corporate income": 7239,
        "Volume": 15999356,
        "Close of Quarter": 2.8,
        "EPS": -614,
        "Non-adjusted EPS": -614,
        "PE": -4.5,
        "Book Price": 17
      }
    },
    {
      "quarter": "Q3 2011",
      "income status": {
        "Net sales": 47168,
        "Cost of goods sold": 31266,
        "Gross Profit": 15902,
        "Financial expenses": 3657,
        "Of which: Interest expense": 3657,
        "Cost of sales": "N/A",
        "Enterprise cost management": 5049,
        "Total Operating Expenses": 8706,
        "Total revenue financing activities": -1772,
        "Net profit from business activities": 5064,
        "Profit": 7,
        "Profit before tax": 5070,
        "Present corporate income tax expenses": "N/A",
        "Deferred income taxes expenses": "N/A",
        "The interests of minority shareholders": "N/A",
        "Total Cost of profits": 0,
        "Profit after tax corporate income": 5070,
        "Volume": 15999356,
        "Close of Quarter": 5.8,
        "EPS": -263,
        "Non-adjusted EPS": -263,
        "PE": -22.1,
        "Book Price": 17.2
      }
    },
    {
      "quarter": "Q2 2011",
      "income status": {
        "Net sales": 18362,
        "Cost of goods sold": 18975,
        "Gross Profit": -613,
        "Financial expenses": 9604,
        "Of which: Interest expense": 9604,
        "Cost of sales": "N/A",
        "Enterprise cost management": 8072,
        "Total Operating Expenses": 17676,
        "Total revenue financing activities": 1180,
        "Net profit from business activities": -17109,
        "Profit": "N/A",
        "Profit before tax": -17109,
        "Present corporate income tax expenses": "N/A",
        "Deferred income taxes expenses": "N/A",
        "The interests of minority shareholders": "N/A",
        "Total Cost of profits": 0,
        "Profit after tax corporate income": -17109,
        "Volume": 15999356,
        "Close of Quarter": 5.8,
        "EPS": -378,
        "Non-adjusted EPS": -378,
        "PE": -15.4,
        "Book Price": 16.3
      }
    },
    {
      "quarter": "Q1 2011",
      "income status": {
        "Net sales": 6915,
        "Cost of goods sold": 11519,
        "Gross Profit": -4604,
        "Financial expenses": 1033,
        "Of which: Interest expense": 1033,
        "Cost of sales": "N/A",
        "Enterprise cost management": 4656,
        "Total Operating Expenses": 5689,
        "Total revenue financing activities": 5280,
        "Net profit from business activities": -5013,
        "Profit": -8,
        "Profit before tax": -5020,
        "Present corporate income tax expenses": "N/A",
        "Deferred income taxes expenses": "N/A",
        "The interests of minority shareholders": "N/A",
        "Total Cost of profits": 0,
        "Profit after tax corporate income": -5020,
        "Volume": 15999356,
        "Close of Quarter": 9.0,
        "EPS": 850,
        "Non-adjusted EPS": 850,
        "PE": 10.6,
        "Book Price": 18
      }
    },
    {
      "quarter": "Q4 2010",
      "income status": {
        "Net sales": 66075,
        "Cost of goods sold": 40931,
        "Gross Profit": 25143,
        "Financial expenses": 2292,
        "Of which: Interest expense": 2292,
        "Cost of sales": "N/A",
        "Enterprise cost management": 10579,
        "Total Operating Expenses": 12871,
        "Total revenue financing activities": 273,
        "Net profit from business activities": 12545,
        "Profit": 184,
        "Profit before tax": 12859,
        "Present corporate income tax expenses": "N/A",
        "Deferred income taxes expenses": "N/A",
        "The interests of minority shareholders": "N/A",
        "Total Cost of profits": 0,
        "Profit after tax corporate income": 12859,
        "Volume": 15999356,
        "Close of Quarter": 12.4,
        "EPS": 1388,
        "Non-adjusted EPS": 1388,
        "PE": 9.0,
        "Book Price": 18.7
      }
    },
    {
      "quarter": "Q3 2010",
      "income status": {
        "Net sales": 135067,
        "Cost of goods sold": 118347,
        "Gross Profit": 16721,
        "Financial expenses": 2972,
        "Of which: Interest expense": 2972,
        "Cost of sales": "N/A",
        "Enterprise cost management": 8103,
        "Total Operating Expenses": 11075,
        "Total revenue financing activities": 289,
        "Net profit from business activities": 5934,
        "Profit": -1272,
        "Profit before tax": 5136,
        "Present corporate income tax expenses": 1906,
        "Deferred income taxes expenses": "N/A",
        "The interests of minority shareholders": "N/A",
        "Total Cost of profits": 1906,
        "Profit after tax corporate income": 3230,
        "Volume": 7999678,
        "Close of Quarter": 16.8,
        "EPS": 1230,
        "Non-adjusted EPS": 2460,
        "PE": 6.8,
        "Book Price": 12.9
      }
    },
    {
      "quarter": "Q2 2010",
      "income status": {
        "Net sales": 80375,
        "Cost of goods sold": 67486,
        "Gross Profit": 12889,
        "Financial expenses": 3156,
        "Of which: Interest expense": 3156,
        "Cost of sales": "N/A",
        "Enterprise cost management": 6559,
        "Total Operating Expenses": 9715,
        "Total revenue financing activities": 201,
        "Net profit from business activities": 3375,
        "Profit": -1,
        "Profit before tax": 3404,
        "Present corporate income tax expenses": 872,
        "Deferred income taxes expenses": "N/A",
        "The interests of minority shareholders": "N/A",
        "Total Cost of profits": 872,
        "Profit after tax corporate income": 2531,
        "Volume": 7999678,
        "Close of Quarter": 23.1,
        "EPS": 1593.5,
        "Non-adjusted EPS": 3187,
        "PE": 7.3,
        "Book Price": 12.9
      }
    },
    {
      "quarter": "Q1 2010",
      "income status": {
        "Net sales": 91137,
        "Cost of goods sold": 82672,
        "Gross Profit": 8465,
        "Financial expenses": 2390,
        "Of which: Interest expense": 2390,
        "Cost of sales": "N/A",
        "Enterprise cost management": 3191,
        "Total Operating Expenses": 5581,
        "Total revenue financing activities": 698,
        "Net profit from business activities": 3581,
        "Profit": "N/A",
        "Profit before tax": 3581,
        "Present corporate income tax expenses": "N/A",
        "Deferred income taxes expenses": "N/A",
        "The interests of minority shareholders": "N/A",
        "Total Cost of profits": 0,
        "Profit after tax corporate income": 3581,
        "Volume": 7999678,
        "Close of Quarter": 18.6,
        "EPS": 1756.5,
        "Non-adjusted EPS": 3513,
        "PE": 5.3,
        "Book Price": 13.5
      }
    },
    {
      "quarter": "Q4 2009",
      "income status": {
        "Net sales": 94487,
        "Cost of goods sold": 82982,
        "Gross Profit": 11505,
        "Financial expenses": 11638,
        "Of which: Interest expense": "N/A",
        "Cost of sales": "N/A",
        "Enterprise cost management": 8950,
        "Total Operating Expenses": 20588,
        "Total revenue financing activities": 19411,
        "Net profit from business activities": 10327,
        "Profit": 10,
        "Profit before tax": 10338,
        "Present corporate income tax expenses": "N/A",
        "Deferred income taxes expenses": "N/A",
        "The interests of minority shareholders": "N/A",
        "Total Cost of profits": 0,
        "Profit after tax corporate income": 10338,
        "Volume": 7999678,
        "Close of Quarter": 20.3,
        "EPS": 1844,
        "Non-adjusted EPS": 3688,
        "PE": 5.5,
        "Book Price": 13.9
      }
    },
    {
      "quarter": "Q3 2009",
      "income status": {
        "Net sales": 83040,
        "Cost of goods sold": 69589,
        "Gross Profit": 13451,
        "Financial expenses": 1980,
        "Of which: Interest expense": "N/A",
        "Cost of sales": "N/A",
        "Enterprise cost management": 4989,
        "Total Operating Expenses": 6969,
        "Total revenue financing activities": 1197,
        "Net profit from business activities": 7678,
        "Profit": 1362,
        "Profit before tax": 9041,
        "Present corporate income tax expenses": "N/A",
        "Deferred income taxes expenses": "N/A",
        "The interests of minority shareholders": "N/A",
        "Total Cost of profits": 0,
        "Profit after tax corporate income": 9041,
        "Volume": 7999678,
        "Close of Quarter": 20.8,
        "EPS": 1482,
        "Non-adjusted EPS": 2964,
        "PE": 7.0,
        "Book Price": 13.2
      }
    },
    {
      "quarter": "Q2 2009",
      "income status": {
        "Net sales": 93855,
        "Cost of goods sold": 83937,
        "Gross Profit": 9917,
        "Financial expenses": -81,
        "Of which: Interest expense": "N/A",
        "Cost of sales": "N/A",
        "Enterprise cost management": 6047,
        "Total Operating Expenses": 5966,
        "Total revenue financing activities": 1176,
        "Net profit from business activities": 5127,
        "Profit": 16,
        "Profit before tax": 5143,
        "Present corporate income tax expenses": "N/A",
        "Deferred income taxes expenses": "N/A",
        "The interests of minority shareholders": "N/A",
        "Total Cost of profits": 0,
        "Profit after tax corporate income": 5143,
        "Volume": 7999678,
        "Close of Quarter": 9.8,
        "EPS": 1405.5,
        "Non-adjusted EPS": 2811,
        "PE": 3.5,
        "Book Price": 12.6
      }
    },
    {
      "quarter": "Q1 2009",
      "income status": {
        "Net sales": 24743,
        "Cost of goods sold": 15610,
        "Gross Profit": 9133,
        "Financial expenses": 2069,
        "Of which: Interest expense": "N/A",
        "Cost of sales": "N/A",
        "Enterprise cost management": 2227,
        "Total Operating Expenses": 4296,
        "Total revenue financing activities": 133,
        "Net profit from business activities": 4970,
        "Profit": 12,
        "Profit before tax": 4982,
        "Present corporate income tax expenses": "N/A",
        "Deferred income taxes expenses": "N/A",
        "The interests of minority shareholders": "N/A",
        "Total Cost of profits": 0,
        "Profit after tax corporate income": 4982,
        "Volume": 7999678,
        "Close of Quarter": 7.5,
        "EPS": 1281.5,
        "Non-adjusted EPS": 2563,
        "PE": 2.9,
        "Book Price": 12.3
      }
    },
    {
      "quarter": "Q4 2008",
      "income status": {
        "Net sales": 115595,
        "Cost of goods sold": 112200,
        "Gross Profit": 3396,
        "Financial expenses": -2359,
        "Of which: Interest expense": "N/A",
        "Cost of sales": "N/A",
        "Enterprise cost management": 5282,
        "Total Operating Expenses": 2923,
        "Total revenue financing activities": 2042,
        "Net profit from business activities": 2516,
        "Profit": 2026,
        "Profit before tax": 4542,
        "Present corporate income tax expenses": "N/A",
        "Deferred income taxes expenses": "N/A",
        "The interests of minority shareholders": "N/A",
        "Total Cost of profits": 0,
        "Profit after tax corporate income": 4542,
        "Volume": 7999678,
        "Close of Quarter": 7.8,
        "EPS": 1104,
        "Non-adjusted EPS": 2208,
        "PE": 3.5,
        "Book Price": 12.7
      }
    },
    {
      "quarter": "Q3 2008",
      "income status": {
        "Net sales": 47487,
        "Cost of goods sold": 31610,
        "Gross Profit": 15877,
        "Financial expenses": 8497,
        "Of which: Interest expense": "N/A",
        "Cost of sales": "N/A",
        "Enterprise cost management": 3467,
        "Total Operating Expenses": 11964,
        "Total revenue financing activities": 3890,
        "Net profit from business activities": 7802,
        "Profit": 21,
        "Profit before tax": 7823,
        "Present corporate income tax expenses": "N/A",
        "Deferred income taxes expenses": "N/A",
        "The interests of minority shareholders": "N/A",
        "Total Cost of profits": 0,
        "Profit after tax corporate income": 7823,
        "Volume": 7999678,
        "Close of Quarter": 11.7,
        "EPS": 1115,
        "Non-adjusted EPS": 2230,
        "PE": 5.2,
        "Book Price": 12.4
      }
    },
    {
      "quarter": "Q2 2008",
      "income status": {
        "Net sales": 48076,
        "Cost of goods sold": 40365,
        "Gross Profit": 7711,
        "Financial expenses": 2041,
        "Of which: Interest expense": "N/A",
        "Cost of sales": "N/A",
        "Enterprise cost management": 4102,
        "Total Operating Expenses": 6143,
        "Total revenue financing activities": 1578,
        "Net profit from business activities": 3146,
        "Profit": 10,
        "Profit before tax": 3156,
        "Present corporate income tax expenses": "N/A",
        "Deferred income taxes expenses": "N/A",
        "The interests of minority shareholders": "N/A",
        "Total Cost of profits": 0,
        "Profit after tax corporate income": 3156,
        "Volume": 2000000,
        "Close of Quarter": 9.4,
        "EPS": 724.3,
        "Non-adjusted EPS": 5794,
        "PE": 1.6,
        "Book Price": 12.1
      }
    },
    {
      "quarter": "Q1 2008",
      "income status": {
        "Net sales": 52662,
        "Cost of goods sold": 44677,
        "Gross Profit": 7985,
        "Financial expenses": 2714,
        "Of which: Interest expense": "N/A",
        "Cost of sales": "N/A",
        "Enterprise cost management": 3728,
        "Total Operating Expenses": 6442,
        "Total revenue financing activities": 580,
        "Net profit from business activities": 2123,
        "Profit": 18,
        "Profit before tax": 2140,
        "Present corporate income tax expenses": "N/A",
        "Deferred income taxes expenses": "N/A",
        "The interests of minority shareholders": "N/A",
        "Total Cost of profits": 0,
        "Profit after tax corporate income": 2140,
        "Volume": 2000000,
        "Close of Quarter": 14.8,
        "EPS": 609.5,
        "Non-adjusted EPS": 4876,
        "PE": 3.0,
        "Book Price": 12.0
      }
    },
    {
      "quarter": "Q4 2007",
      "income status": {
        "Net sales": 115029,
        "Cost of goods sold": 103743,
        "Gross Profit": 11286,
        "Financial expenses": 6148,
        "Of which: Interest expense": "N/A",
        "Cost of sales": "N/A",
        "Enterprise cost management": 5514,
        "Total Operating Expenses": 11662,
        "Total revenue financing activities": 5062,
        "Net profit from business activities": 4686,
        "Profit": 37,
        "Profit before tax": 4723,
        "Present corporate income tax expenses": "N/A",
        "Deferred income taxes expenses": "N/A",
        "The interests of minority shareholders": "N/A",
        "Total Cost of profits": 0,
        "Profit after tax corporate income": 4723,
        "Volume": 2000000,
        "Close of Quarter": 41.7,
        "EPS": 499.0,
        "Non-adjusted EPS": 3992,
        "PE": 10.4,
        "Book Price": 1.8
      }
    },
    {
      "quarter": "Q3 2007",
      "income status": {
        "Net sales": 51641,
        "Cost of goods sold": 44013,
        "Gross Profit": 7628,
        "Financial expenses": 3257,
        "Of which: Interest expense": "N/A",
        "Cost of sales": "N/A",
        "Enterprise cost management": 2835,
        "Total Operating Expenses": 6092,
        "Total revenue financing activities": 32,
        "Net profit from business activities": 1568,
        "Profit": "N/A",
        "Profit before tax": 1568,
        "Present corporate income tax expenses": "N/A",
        "Deferred income taxes expenses": "N/A",
        "The interests of minority shareholders": "N/A",
        "Total Cost of profits": 0,
        "Profit after tax corporate income": 1568,
        "Volume": 2000000,
        "Close of Quarter": 15.0,
        "EPS": 331.3,
        "Non-adjusted EPS": 2650,
        "PE": 5.7,
        "Book Price": 1.7
      }
    },
    {
      "quarter": "Q2 2007",
      "income status": {
        "Net sales": 58475,
        "Cost of goods sold": 49773,
        "Gross Profit": 8702,
        "Financial expenses": 3385,
        "Of which: Interest expense": "N/A",
        "Cost of sales": "N/A",
        "Enterprise cost management": 3846,
        "Total Operating Expenses": 7231,
        "Total revenue financing activities": 151,
        "Net profit from business activities": 1623,
        "Profit": -302,
        "Profit before tax": 1321,
        "Present corporate income tax expenses": "N/A",
        "Deferred income taxes expenses": "N/A",
        "The interests of minority shareholders": "N/A",
        "Total Cost of profits": 0,
        "Profit after tax corporate income": 1321,
        "Volume": 2000000,
        "Close of Quarter": 12.2,
        "EPS": 233.3,
        "Non-adjusted EPS": 1866,
        "PE": 6.5,
        "Book Price": 1.6
      }
    },
    {
      "quarter": "Q1 2007",
      "income status": {
        "Net sales": 27612,
        "Cost of goods sold": 21943,
        "Gross Profit": 5669,
        "Financial expenses": 3182,
        "Of which: Interest expense": 3182,
        "Cost of sales": "N/A",
        "Enterprise cost management": 2184,
        "Total Operating Expenses": 5366,
        "Total revenue financing activities": 65,
        "Net profit from business activities": 368,
        "Profit": 3,
        "Profit before tax": 372,
        "Present corporate income tax expenses": "N/A",
        "Deferred income taxes expenses": "N/A",
        "The interests of minority shareholders": "N/A",
        "Total Cost of profits": 0,
        "Profit after tax corporate income": 372,
        "Volume": 2000000,
        "Close of Quarter": 14.6,
        "EPS": 150.8,
        "Non-adjusted EPS": 1206,
        "PE": 12.1,
        "Book Price": 1.6
      }
    },
    {
      "quarter": "Q4 2006",
      "income status": {
        "Net sales": 65681,
        "Cost of goods sold": 58097,
        "Gross Profit": 7585,
        "Financial expenses": 5063,
        "Of which: Interest expense": -3556,
        "Cost of sales": "N/A",
        "Enterprise cost management": 2138,
        "Total Operating Expenses": 7201,
        "Total revenue financing activities": 1508,
        "Net profit from business activities": 1890,
        "Profit": 149,
        "Profit before tax": 2039,
        "Present corporate income tax expenses": "N/A",
        "Deferred income taxes expenses": "N/A",
        "The interests of minority shareholders": "N/A",
        "Total Cost of profits": 0,
        "Profit after tax corporate income": 2039,
        "Volume": 2000000,
        "Close of Quarter": 5,
        "EPS": 127.5,
        "Non-adjusted EPS": 1020,
        "PE": 4.9,
        "Book Price": 1.6
      }
    }
  ]
}