{
  "ticker": "HCM",
  "data": [
    {
      "quarter": "Q1 2017",
      "income status": {
        "Net sales": 217712,
        "Cost of goods sold": 78158,
        "Gross Profit": "N/A",
        "Financial expenses": "N/A",
        "Of which: Interest expense": "N/A",
        "Cost of sales": "N/A",
        "Enterprise cost management": 25211,
        "Total Operating Expenses": 25211,
        "Total revenue financing activities": "N/A",
        "Net profit from business activities": "N/A",
        "Profit": "N/A",
        "Profit before tax": 115449,
        "Present corporate income tax expenses": 20556,
        "Deferred income taxes expenses": 20556,
        "The interests of minority shareholders": "N/A",
        "Total Cost of profits": 41112,
        "Profit after tax corporate income": 94893,
        "Volume": 127021213,
        "Close of Quarter": 31.4,
        "EPS": 2635,
        "Non-adjusted EPS": 2635,
        "PE": 11.9,
        "Book Price": 19.8
      }
    },
    {
      "quarter": "Q4 2016",
      "income status": {
        "Net sales": 226815,
        "Cost of goods sold": 110256,
        "Gross Profit": "N/A",
        "Financial expenses": "N/A",
        "Of which: Interest expense": "N/A",
        "Cost of sales": 9317,
        "Enterprise cost management": 24631,
        "Total Operating Expenses": 33948,
        "Total revenue financing activities": "N/A",
        "Net profit from business activities": 6799,
        "Profit": 15641,
        "Profit before tax": 100981,
        "Present corporate income tax expenses": 28854,
        "Deferred income taxes expenses": 25216,
        "The interests of minority shareholders": "N/A",
        "Total Cost of profits": 54070,
        "Profit after tax corporate income": 75765,
        "Volume": 127021213,
        "Close of Quarter": 26.3,
        "EPS": 2397,
        "Non-adjusted EPS": 2397,
        "PE": 11.0,
        "Book Price": 18.8
      }
    },
    {
      "quarter": "Q3 2016",
      "income status": {
        "Net sales": 218611,
        "Cost of goods sold": 104089,
        "Gross Profit": "N/A",
        "Financial expenses": "N/A",
        "Of which: Interest expense": "N/A",
        "Cost of sales": 2697,
        "Enterprise cost management": 22187,
        "Total Operating Expenses": 24884,
        "Total revenue financing activities": "N/A",
        "Net profit from business activities": 680,
        "Profit": 15289,
        "Profit before tax": 101598,
        "Present corporate income tax expenses": 19797,
        "Deferred income taxes expenses": 19797,
        "The interests of minority shareholders": "N/A",
        "Total Cost of profits": 39594,
        "Profit after tax corporate income": 81801,
        "Volume": 127021213,
        "Close of Quarter": 27.9,
        "EPS": 2347,
        "Non-adjusted EPS": 2347,
        "PE": 11.9,
        "Book Price": 18.7
      }
    },
    {
      "quarter": "Q2 2016",
      "income status": {
        "Net sales": 181875,
        "Cost of goods sold": 70649,
        "Gross Profit": "N/A",
        "Financial expenses": "N/A",
        "Of which: Interest expense": "N/A",
        "Cost of sales": -125,
        "Enterprise cost management": 21771,
        "Total Operating Expenses": 21646,
        "Total revenue financing activities": "N/A",
        "Net profit from business activities": -1208,
        "Profit": 9854,
        "Profit before tax": 102496,
        "Present corporate income tax expenses": 20211,
        "Deferred income taxes expenses": 20211,
        "The interests of minority shareholders": "N/A",
        "Total Cost of profits": 40422,
        "Profit after tax corporate income": 82285,
        "Volume": 127021213,
        "Close of Quarter": 28.4,
        "EPS": 2060,
        "Non-adjusted EPS": 2060,
        "PE": 13.8,
        "Book Price": 18.1
      }
    },
    {
      "quarter": "Q1 2016",
      "income status": {
        "Net sales": 166376,
        "Cost of goods sold": 62690,
        "Gross Profit": "N/A",
        "Financial expenses": "N/A",
        "Of which: Interest expense": "N/A",
        "Cost of sales": 5876,
        "Enterprise cost management": 23377,
        "Total Operating Expenses": 29253,
        "Total revenue financing activities": "N/A",
        "Net profit from business activities": -2775,
        "Profit": 4782,
        "Profit before tax": 80308,
        "Present corporate income tax expenses": 15628,
        "Deferred income taxes expenses": 15628,
        "The interests of minority shareholders": "N/A",
        "Total Cost of profits": 31256,
        "Profit after tax corporate income": 64680,
        "Volume": 127021213,
        "Close of Quarter": 26.7,
        "EPS": 1822,
        "Non-adjusted EPS": 1822,
        "PE": 14.7,
        "Book Price": 18.5
      }
    },
    {
      "quarter": "Q4 2015",
      "income status": {
        "Net sales": 171032,
        "Cost of goods sold": 58770,
        "Gross Profit": 112262,
        "Financial expenses": "N/A",
        "Of which: Interest expense": "N/A",
        "Cost of sales": "N/A",
        "Enterprise cost management": 24006,
        "Total Operating Expenses": 24006,
        "Total revenue financing activities": "N/A",
        "Net profit from business activities": 88256,
        "Profit": 9,
        "Profit before tax": 88265,
        "Present corporate income tax expenses": 18924,
        "Deferred income taxes expenses": 18924,
        "The interests of minority shareholders": "N/A",
        "Total Cost of profits": 37848,
        "Profit after tax corporate income": 69341,
        "Volume": 127021213,
        "Close of Quarter": 28.4,
        "EPS": 1679,
        "Non-adjusted EPS": 1679,
        "PE": 16.9,
        "Book Price": 17.9
      }
    },
    {
      "quarter": "Q3 2015",
      "income status": {
        "Net sales": 153713,
        "Cost of goods sold": 72173,
        "Gross Profit": 81541,
        "Financial expenses": "N/A",
        "Of which: Interest expense": "N/A",
        "Cost of sales": "N/A",
        "Enterprise cost management": 24517,
        "Total Operating Expenses": 24517,
        "Total revenue financing activities": "N/A",
        "Net profit from business activities": 57024,
        "Profit": 1,
        "Profit before tax": 57025,
        "Present corporate income tax expenses": 11701,
        "Deferred income taxes expenses": 11701,
        "The interests of minority shareholders": "N/A",
        "Total Cost of profits": 23402,
        "Profit after tax corporate income": 45324,
        "Volume": 127021213,
        "Close of Quarter": 32.8,
        "EPS": 1574,
        "Non-adjusted EPS": 1574,
        "PE": 20.8,
        "Book Price": 17.9
      }
    },
    {
      "quarter": "Q2 2015",
      "income status": {
        "Net sales": 136016,
        "Cost of goods sold": 45499,
        "Gross Profit": 90517,
        "Financial expenses": "N/A",
        "Of which: Interest expense": "N/A",
        "Cost of sales": "N/A",
        "Enterprise cost management": 23954,
        "Total Operating Expenses": 23954,
        "Total revenue financing activities": "N/A",
        "Net profit from business activities": 66563,
        "Profit": "N/A",
        "Profit before tax": 66563,
        "Present corporate income tax expenses": 14501,
        "Deferred income taxes expenses": 14501,
        "The interests of minority shareholders": "N/A",
        "Total Cost of profits": 29002,
        "Profit after tax corporate income": 52062,
        "Volume": 127021213,
        "Close of Quarter": 33.5,
        "EPS": 2045,
        "Non-adjusted EPS": 2045,
        "PE": 16.4,
        "Book Price": 17.5
      }
    },
    {
      "quarter": "Q1 2015",
      "income status": {
        "Net sales": 130378,
        "Cost of goods sold": 47273,
        "Gross Profit": 83105,
        "Financial expenses": "N/A",
        "Of which: Interest expense": "N/A",
        "Cost of sales": "N/A",
        "Enterprise cost management": 23475,
        "Total Operating Expenses": 23475,
        "Total revenue financing activities": "N/A",
        "Net profit from business activities": 59630,
        "Profit": 17,
        "Profit before tax": 59647,
        "Present corporate income tax expenses": 13064,
        "Deferred income taxes expenses": 13064,
        "The interests of minority shareholders": "N/A",
        "Total Cost of profits": 26128,
        "Profit after tax corporate income": 46584,
        "Volume": 127021213,
        "Close of Quarter": 27.3,
        "EPS": 2381,
        "Non-adjusted EPS": 2381,
        "PE": 11.5,
        "Book Price": 18.7
      }
    },
    {
      "quarter": "Q4 2014",
      "income status": {
        "Net sales": 190976,
        "Cost of goods sold": 97015,
        "Gross Profit": 93960,
        "Financial expenses": "N/A",
        "Of which: Interest expense": "N/A",
        "Cost of sales": "N/A",
        "Enterprise cost management": 22340,
        "Total Operating Expenses": 22340,
        "Total revenue financing activities": "N/A",
        "Net profit from business activities": 71620,
        "Profit": "N/A",
        "Profit before tax": 71620,
        "Present corporate income tax expenses": 15676,
        "Deferred income taxes expenses": 15676,
        "The interests of minority shareholders": "N/A",
        "Total Cost of profits": 31352,
        "Profit after tax corporate income": 55945,
        "Volume": 127021213,
        "Close of Quarter": 26.4,
        "EPS": 2961,
        "Non-adjusted EPS": 2961,
        "PE": 8.9,
        "Book Price": 18.6
      }
    },
    {
      "quarter": "Q3 2014",
      "income status": {
        "Net sales": 216721,
        "Cost of goods sold": 58991,
        "Gross Profit": 157730,
        "Financial expenses": "N/A",
        "Of which: Interest expense": "N/A",
        "Cost of sales": "N/A",
        "Enterprise cost management": 23107,
        "Total Operating Expenses": 23107,
        "Total revenue financing activities": "N/A",
        "Net profit from business activities": 134623,
        "Profit": "N/A",
        "Profit before tax": 134623,
        "Present corporate income tax expenses": 29413,
        "Deferred income taxes expenses": 29413,
        "The interests of minority shareholders": "N/A",
        "Total Cost of profits": 58826,
        "Profit after tax corporate income": 105210,
        "Volume": 127021213,
        "Close of Quarter": 33.0,
        "EPS": 3323,
        "Non-adjusted EPS": 3323,
        "PE": 9.9,
        "Book Price": 18.8
      }
    },
    {
      "quarter": "Q2 2014",
      "income status": {
        "Net sales": 196037,
        "Cost of goods sold": 54929,
        "Gross Profit": 141108,
        "Financial expenses": "N/A",
        "Of which: Interest expense": "N/A",
        "Cost of sales": "N/A",
        "Enterprise cost management": 20076,
        "Total Operating Expenses": 20076,
        "Total revenue financing activities": "N/A",
        "Net profit from business activities": 121032,
        "Profit": "N/A",
        "Profit before tax": 121032,
        "Present corporate income tax expenses": 26357,
        "Deferred income taxes expenses": 26357,
        "The interests of minority shareholders": "N/A",
        "Total Cost of profits": 52714,
        "Profit after tax corporate income": 94674,
        "Volume": 127021213,
        "Close of Quarter": 30.2,
        "EPS": 2939,
        "Non-adjusted EPS": 2939,
        "PE": 10.3,
        "Book Price": 18
      }
    },
    {
      "quarter": "Q1 2014",
      "income status": {
        "Net sales": 226475,
        "Cost of goods sold": 50422,
        "Gross Profit": 176053,
        "Financial expenses": "N/A",
        "Of which: Interest expense": "N/A",
        "Cost of sales": "N/A",
        "Enterprise cost management": 21885,
        "Total Operating Expenses": 21885,
        "Total revenue financing activities": "N/A",
        "Net profit from business activities": 154168,
        "Profit": 4,
        "Profit before tax": 154172,
        "Present corporate income tax expenses": 33849,
        "Deferred income taxes expenses": 33849,
        "The interests of minority shareholders": "N/A",
        "Total Cost of profits": 67698,
        "Profit after tax corporate income": 120323,
        "Volume": 127021213,
        "Close of Quarter": 34.5,
        "EPS": 2674,
        "Non-adjusted EPS": 2674,
        "PE": 12.9,
        "Book Price": 18.5
      }
    },
    {
      "quarter": "Q4 2013",
      "income status": {
        "Net sales": 199105,
        "Cost of goods sold": 43859,
        "Gross Profit": 155247,
        "Financial expenses": "N/A",
        "Of which: Interest expense": "N/A",
        "Cost of sales": "N/A",
        "Enterprise cost management": 20062,
        "Total Operating Expenses": 20062,
        "Total revenue financing activities": "N/A",
        "Net profit from business activities": 135185,
        "Profit": 627,
        "Profit before tax": 135812,
        "Present corporate income tax expenses": 33962,
        "Deferred income taxes expenses": 33962,
        "The interests of minority shareholders": "N/A",
        "Total Cost of profits": 67924,
        "Profit after tax corporate income": 101850,
        "Volume": 100613092,
        "Close of Quarter": 19.9,
        "EPS": 2221.8,
        "Non-adjusted EPS": 2805,
        "PE": 7.1,
        "Book Price": 17.7
      }
    },
    {
      "quarter": "Q3 2013",
      "income status": {
        "Net sales": 141802,
        "Cost of goods sold": 47014,
        "Gross Profit": 94788,
        "Financial expenses": "N/A",
        "Of which: Interest expense": "N/A",
        "Cost of sales": "N/A",
        "Enterprise cost management": 19745,
        "Total Operating Expenses": 19745,
        "Total revenue financing activities": "N/A",
        "Net profit from business activities": 75043,
        "Profit": 10,
        "Profit before tax": 75054,
        "Present corporate income tax expenses": 18530,
        "Deferred income taxes expenses": 18530,
        "The interests of minority shareholders": "N/A",
        "Total Cost of profits": 37060,
        "Profit after tax corporate income": 56523,
        "Volume": 100613092,
        "Close of Quarter": 14.9,
        "EPS": 1721.2,
        "Non-adjusted EPS": 2173,
        "PE": 6.8,
        "Book Price": 17.0
      }
    },
    {
      "quarter": "Q2 2013",
      "income status": {
        "Net sales": 143662,
        "Cost of goods sold": 41032,
        "Gross Profit": 102630,
        "Financial expenses": "N/A",
        "Of which: Interest expense": "N/A",
        "Cost of sales": "N/A",
        "Enterprise cost management": 21662,
        "Total Operating Expenses": 21662,
        "Total revenue financing activities": "N/A",
        "Net profit from business activities": 80968,
        "Profit": "N/A",
        "Profit before tax": 80968,
        "Present corporate income tax expenses": 20024,
        "Deferred income taxes expenses": "N/A",
        "The interests of minority shareholders": "N/A",
        "Total Cost of profits": 20024,
        "Profit after tax corporate income": 60945,
        "Volume": 100613092,
        "Close of Quarter": 13.8,
        "EPS": 1623.0,
        "Non-adjusted EPS": 2049,
        "PE": 6.7,
        "Book Price": 16.7
      }
    },
    {
      "quarter": "Q1 2013",
      "income status": {
        "Net sales": 150189,
        "Cost of goods sold": 44766,
        "Gross Profit": 105423,
        "Financial expenses": "N/A",
        "Of which: Interest expense": "N/A",
        "Cost of sales": "N/A",
        "Enterprise cost management": 21909,
        "Total Operating Expenses": 21909,
        "Total revenue financing activities": "N/A",
        "Net profit from business activities": 83514,
        "Profit": 80,
        "Profit before tax": 83595,
        "Present corporate income tax expenses": 20738,
        "Deferred income taxes expenses": "N/A",
        "The interests of minority shareholders": "N/A",
        "Total Cost of profits": 20738,
        "Profit after tax corporate income": 62857,
        "Volume": 100613092,
        "Close of Quarter": 12.4,
        "EPS": 1791.7,
        "Non-adjusted EPS": 2262,
        "PE": 5.5,
        "Book Price": 17.5
      }
    },
    {
      "quarter": "Q4 2012",
      "income status": {
        "Net sales": 115563,
        "Cost of goods sold": 41310,
        "Gross Profit": 74253,
        "Financial expenses": "N/A",
        "Of which: Interest expense": "N/A",
        "Cost of sales": "N/A",
        "Enterprise cost management": 26637,
        "Total Operating Expenses": 26637,
        "Total revenue financing activities": "N/A",
        "Net profit from business activities": 47616,
        "Profit": 137,
        "Profit before tax": 47753,
        "Present corporate income tax expenses": 9446,
        "Deferred income taxes expenses": "N/A",
        "The interests of minority shareholders": "N/A",
        "Total Cost of profits": 9446,
        "Profit after tax corporate income": 38308,
        "Volume": 100613092,
        "Close of Quarter": 12.8,
        "EPS": 1939.8,
        "Non-adjusted EPS": 2449,
        "PE": 5.2,
        "Book Price": 17.0
      }
    },
    {
      "quarter": "Q3 2012",
      "income status": {
        "Net sales": 114235,
        "Cost of goods sold": 38458,
        "Gross Profit": 75776,
        "Financial expenses": "N/A",
        "Of which: Interest expense": "N/A",
        "Cost of sales": "N/A",
        "Enterprise cost management": 20975,
        "Total Operating Expenses": 20975,
        "Total revenue financing activities": "N/A",
        "Net profit from business activities": 54802,
        "Profit": 62,
        "Profit before tax": 54864,
        "Present corporate income tax expenses": 10864,
        "Deferred income taxes expenses": "N/A",
        "The interests of minority shareholders": "N/A",
        "Total Cost of profits": 10864,
        "Profit after tax corporate income": 43999,
        "Volume": 100613092,
        "Close of Quarter": 10.4,
        "EPS": 2023.0,
        "Non-adjusted EPS": 2554,
        "PE": 4.1,
        "Book Price": 17.1
      }
    },
    {
      "quarter": "Q2 2012",
      "income status": {
        "Net sales": 173967,
        "Cost of goods sold": 46098,
        "Gross Profit": 127869,
        "Financial expenses": "N/A",
        "Of which: Interest expense": "N/A",
        "Cost of sales": "N/A",
        "Enterprise cost management": 25257,
        "Total Operating Expenses": 25257,
        "Total revenue financing activities": "N/A",
        "Net profit from business activities": 102611,
        "Profit": -39,
        "Profit before tax": 102572,
        "Present corporate income tax expenses": 20158,
        "Deferred income taxes expenses": "N/A",
        "The interests of minority shareholders": "N/A",
        "Total Cost of profits": 20158,
        "Profit after tax corporate income": 82414,
        "Volume": 100613092,
        "Close of Quarter": 11.2,
        "EPS": 2125.2,
        "Non-adjusted EPS": 2683,
        "PE": 4.2,
        "Book Price": 16.8
      }
    },
    {
      "quarter": "Q1 2012",
      "income status": {
        "Net sales": 158607,
        "Cost of goods sold": 39845,
        "Gross Profit": 118762,
        "Financial expenses": "N/A",
        "Of which: Interest expense": "N/A",
        "Cost of sales": "N/A",
        "Enterprise cost management": 17105,
        "Total Operating Expenses": 17105,
        "Total revenue financing activities": "N/A",
        "Net profit from business activities": 101657,
        "Profit": -2,
        "Profit before tax": 101655,
        "Present corporate income tax expenses": 19996,
        "Deferred income taxes expenses": "N/A",
        "The interests of minority shareholders": "N/A",
        "Total Cost of profits": 19996,
        "Profit after tax corporate income": 81660,
        "Volume": 99613092,
        "Close of Quarter": 10.1,
        "EPS": 1845.3,
        "Non-adjusted EPS": 2353,
        "PE": 4.3,
        "Book Price": 16.7
      }
    },
    {
      "quarter": "Q4 2011",
      "income status": {
        "Net sales": 123490,
        "Cost of goods sold": 47822,
        "Gross Profit": 75668,
        "Financial expenses": "N/A",
        "Of which: Interest expense": "N/A",
        "Cost of sales": "N/A",
        "Enterprise cost management": 20252,
        "Total Operating Expenses": 20252,
        "Total revenue financing activities": "N/A",
        "Net profit from business activities": 55416,
        "Profit": 3748,
        "Profit before tax": 59165,
        "Present corporate income tax expenses": 10270,
        "Deferred income taxes expenses": "N/A",
        "The interests of minority shareholders": "N/A",
        "Total Cost of profits": 10270,
        "Profit after tax corporate income": 48895,
        "Volume": 99613092,
        "Close of Quarter": 7.8,
        "EPS": 1530.8,
        "Non-adjusted EPS": 1952,
        "PE": 4.0,
        "Book Price": 16
      }
    },
    {
      "quarter": "Q3 2011",
      "income status": {
        "Net sales": 142086,
        "Cost of goods sold": 41728,
        "Gross Profit": 100358,
        "Financial expenses": "N/A",
        "Of which: Interest expense": "N/A",
        "Cost of sales": "N/A",
        "Enterprise cost management": 27943,
        "Total Operating Expenses": 27943,
        "Total revenue financing activities": "N/A",
        "Net profit from business activities": 72415,
        "Profit": -4152,
        "Profit before tax": 177724,
        "Present corporate income tax expenses": 11277,
        "Deferred income taxes expenses": "N/A",
        "The interests of minority shareholders": "N/A",
        "Total Cost of profits": 11277,
        "Profit after tax corporate income": 56986,
        "Volume": 59774495,
        "Close of Quarter": 8.7,
        "EPS": 1364.7,
        "Non-adjusted EPS": 2900,
        "PE": 3,
        "Book Price": 13.2
      }
    },
    {
      "quarter": "Q2 2011",
      "income status": {
        "Net sales": 105318,
        "Cost of goods sold": 27388,
        "Gross Profit": 77929,
        "Financial expenses": "N/A",
        "Of which: Interest expense": "N/A",
        "Cost of sales": "N/A",
        "Enterprise cost management": 19670,
        "Total Operating Expenses": 19670,
        "Total revenue financing activities": "N/A",
        "Net profit from business activities": 58259,
        "Profit": -264,
        "Profit before tax": 57995,
        "Present corporate income tax expenses": 11171,
        "Deferred income taxes expenses": 11171,
        "The interests of minority shareholders": "N/A",
        "Total Cost of profits": 22342,
        "Profit after tax corporate income": 46823,
        "Volume": 59774495,
        "Close of Quarter": 7.5,
        "EPS": 1165.6,
        "Non-adjusted EPS": 2477,
        "PE": 3.0,
        "Book Price": 12.8
      }
    },
    {
      "quarter": "Q1 2011",
      "income status": {
        "Net sales": 96470,
        "Cost of goods sold": 26521,
        "Gross Profit": 69949,
        "Financial expenses": "N/A",
        "Of which: Interest expense": "N/A",
        "Cost of sales": "N/A",
        "Enterprise cost management": 18520,
        "Total Operating Expenses": 18520,
        "Total revenue financing activities": "N/A",
        "Net profit from business activities": 51429,
        "Profit": 37,
        "Profit before tax": 51466,
        "Present corporate income tax expenses": 9750,
        "Deferred income taxes expenses": 9750,
        "The interests of minority shareholders": "N/A",
        "Total Cost of profits": 19500,
        "Profit after tax corporate income": 41716,
        "Volume": 59841436,
        "Close of Quarter": 9.8,
        "EPS": 1328.5,
        "Non-adjusted EPS": 2820,
        "PE": 3.5,
        "Book Price": 12.9
      }
    },
    {
      "quarter": "Q4 2010",
      "income status": {
        "Net sales": 103854,
        "Cost of goods sold": 49383,
        "Gross Profit": 54470,
        "Financial expenses": "N/A",
        "Of which: Interest expense": "N/A",
        "Cost of sales": "N/A",
        "Enterprise cost management": 18654,
        "Total Operating Expenses": 18654,
        "Total revenue financing activities": "N/A",
        "Net profit from business activities": 35817,
        "Profit": "N/A",
        "Profit before tax": 35817,
        "Present corporate income tax expenses": 8007,
        "Deferred income taxes expenses": 8007,
        "The interests of minority shareholders": "N/A",
        "Total Cost of profits": 16014,
        "Profit after tax corporate income": 27810,
        "Volume": 59841436,
        "Close of Quarter": 12.5,
        "EPS": 1435.5,
        "Non-adjusted EPS": 3047,
        "PE": 4.1,
        "Book Price": 12.5
      }
    },
    {
      "quarter": "Q3 2010",
      "income status": {
        "Net sales": 110812,
        "Cost of goods sold": 45791,
        "Gross Profit": 65021,
        "Financial expenses": "N/A",
        "Of which: Interest expense": "N/A",
        "Cost of sales": "N/A",
        "Enterprise cost management": 25524,
        "Total Operating Expenses": 25524,
        "Total revenue financing activities": "N/A",
        "Net profit from business activities": 39498,
        "Profit": 28,
        "Profit before tax": 39525,
        "Present corporate income tax expenses": 7825,
        "Deferred income taxes expenses": 7825,
        "The interests of minority shareholders": "N/A",
        "Total Cost of profits": 15650,
        "Profit after tax corporate income": 31700,
        "Volume": 59935065,
        "Close of Quarter": 13.0,
        "EPS": 1685.5,
        "Non-adjusted EPS": 3572,
        "PE": 3.6,
        "Book Price": 12.8
      }
    },
    {
      "quarter": "Q2 2010",
      "income status": {
        "Net sales": 141197,
        "Cost of goods sold": 42581,
        "Gross Profit": 98616,
        "Financial expenses": "N/A",
        "Of which: Interest expense": "N/A",
        "Cost of sales": "N/A",
        "Enterprise cost management": 14585,
        "Total Operating Expenses": 14585,
        "Total revenue financing activities": "N/A",
        "Net profit from business activities": 84031,
        "Profit": 31,
        "Profit before tax": 84062,
        "Present corporate income tax expenses": 16507,
        "Deferred income taxes expenses": 16507,
        "The interests of minority shareholders": "N/A",
        "Total Cost of profits": 33014,
        "Profit after tax corporate income": 67556,
        "Volume": 59935065,
        "Close of Quarter": 19.3,
        "EPS": 2181.8,
        "Non-adjusted EPS": 4624,
        "PE": 4.2,
        "Book Price": 12.5
      }
    },
    {
      "quarter": "Q1 2010",
      "income status": {
        "Net sales": 106316,
        "Cost of goods sold": 24365,
        "Gross Profit": 81952,
        "Financial expenses": "N/A",
        "Of which: Interest expense": "N/A",
        "Cost of sales": "N/A",
        "Enterprise cost management": 13466,
        "Total Operating Expenses": 13466,
        "Total revenue financing activities": "N/A",
        "Net profit from business activities": 68485,
        "Profit": 11,
        "Profit before tax": 68497,
        "Present corporate income tax expenses": "N/A",
        "Deferred income taxes expenses": 13250,
        "The interests of minority shareholders": "N/A",
        "Total Cost of profits": 13250,
        "Profit after tax corporate income": 55247,
        "Volume": 59098165,
        "Close of Quarter": 22.9,
        "EPS": 2347.7,
        "Non-adjusted EPS": 5046,
        "PE": 4.5,
        "Book Price": 12.6
      }
    },
    {
      "quarter": "Q4 2009",
      "income status": {
        "Net sales": 163434,
        "Cost of goods sold": 24365,
        "Gross Profit": 82717,
        "Financial expenses": "N/A",
        "Of which: Interest expense": "N/A",
        "Cost of sales": "N/A",
        "Enterprise cost management": 14973,
        "Total Operating Expenses": 14973,
        "Total revenue financing activities": "N/A",
        "Net profit from business activities": 67744,
        "Profit": "N/A",
        "Profit before tax": 67744,
        "Present corporate income tax expenses": "N/A",
        "Deferred income taxes expenses": 8179,
        "The interests of minority shareholders": "N/A",
        "Total Cost of profits": 8179,
        "Profit after tax corporate income": 59566,
        "Volume": 39398779,
        "Close of Quarter": 22.7,
        "EPS": 2189.5,
        "Non-adjusted EPS": 7059,
        "PE": 3.2,
        "Book Price": 12.1
      }
    },
    {
      "quarter": "Q3 2009",
      "income status": {
        "Net sales": 146237,
        "Cost of goods sold": 80717,
        "Gross Profit": 135047,
        "Financial expenses": "N/A",
        "Of which: Interest expense": "N/A",
        "Cost of sales": "N/A",
        "Enterprise cost management": 11040,
        "Total Operating Expenses": 11040,
        "Total revenue financing activities": "N/A",
        "Net profit from business activities": 124007,
        "Profit": "N/A",
        "Profit before tax": 124007,
        "Present corporate income tax expenses": "N/A",
        "Deferred income taxes expenses": 29226,
        "The interests of minority shareholders": "N/A",
        "Total Cost of profits": 29226,
        "Profit after tax corporate income": 94782,
        "Volume": 39463400,
        "Close of Quarter": 20.8,
        "EPS": 1720.6,
        "Non-adjusted EPS": 5538,
        "PE": 3.8,
        "Book Price": 11.9
      }
    },
    {
      "quarter": "Q2 2009",
      "income status": {
        "Net sales": 140265,
        "Cost of goods sold": 45348,
        "Gross Profit": 94917,
        "Financial expenses": "N/A",
        "Of which: Interest expense": "N/A",
        "Cost of sales": "N/A",
        "Enterprise cost management": 2609,
        "Total Operating Expenses": 2609,
        "Total revenue financing activities": "N/A",
        "Net profit from business activities": 92308,
        "Profit": 14426,
        "Profit before tax": 106735,
        "Present corporate income tax expenses": "N/A",
        "Deferred income taxes expenses": 18134,
        "The interests of minority shareholders": "N/A",
        "Total Cost of profits": 18134,
        "Profit after tax corporate income": 88601,
        "Volume": 39463400,
        "Close of Quarter": 15.6,
        "EPS": 974.3,
        "Non-adjusted EPS": 3136,
        "PE": 5.0,
        "Book Price": 11.3
      }
    },
    {
      "quarter": "Q1 2009",
      "income status": {
        "Net sales": 5811,
        "Cost of goods sold": -41659,
        "Gross Profit": 47471,
        "Financial expenses": "N/A",
        "Of which: Interest expense": "N/A",
        "Cost of sales": "N/A",
        "Enterprise cost management": 9652,
        "Total Operating Expenses": 9652,
        "Total revenue financing activities": "N/A",
        "Net profit from business activities": 37819,
        "Profit": 8,
        "Profit before tax": 37827,
        "Present corporate income tax expenses": "N/A",
        "Deferred income taxes expenses": 2656,
        "The interests of minority shareholders": "N/A",
        "Total Cost of profits": 2656,
        "Profit after tax corporate income": 35171,
        "Volume": 39463400,
        "Close of Quarter": "N/A",
        "EPS": 276.8,
        "Non-adjusted EPS": 891,
        "PE": "N/A",
        "Book Price": 10.7
      }
    }
  ]
}