{
  "ticker": "BID",
  "data": [
    {
      "quarter": "Q1 2017",
      "income status": {
        "Net sales": 6805759,
        "Cost of goods sold": 17648275,
        "Gross Profit": -10842516,
        "Financial expenses": 475164,
        "Of which: Interest expense": "N/A",
        "Cost of sales": 1142193,
        "Enterprise cost management": 3261856,
        "Total Operating Expenses": 4879213,
        "Total revenue financing activities": 1081358,
        "Net profit from business activities": 4625261,
        "Profit": -2348196,
        "Profit before tax": 2277065,
        "Present corporate income tax expenses": -428145,
        "Deferred income taxes expenses": "N/A",
        "The interests of minority shareholders": 25241,
        "Total Cost of profits": -402904,
        "Profit after tax corporate income": 1823679,
        "Volume": 3418715334,
        "Close of Quarter": 17.6,
        "EPS": 1850,
        "Non-adjusted EPS": 1850,
        "PE": 9.5,
        "Book Price": 12.9
      }
    },
    {
      "quarter": "Q4 2016",
      "income status": {
        "Net sales": 7030602,
        "Cost of goods sold": 17765985,
        "Gross Profit": -10735383,
        "Financial expenses": 1473494,
        "Of which: Interest expense": "N/A",
        "Cost of sales": 1393910,
        "Enterprise cost management": 4653962,
        "Total Operating Expenses": 7521366,
        "Total revenue financing activities": 1901583,
        "Net profit from business activities": 4278223,
        "Profit": -2301545,
        "Profit before tax": 1976678,
        "Present corporate income tax expenses": -412385,
        "Deferred income taxes expenses": "N/A",
        "The interests of minority shareholders": 25704,
        "Total Cost of profits": -386681,
        "Profit after tax corporate income": 1538589,
        "Volume": 3418715334,
        "Close of Quarter": 14.2,
        "EPS": 1802,
        "Non-adjusted EPS": 1802,
        "PE": 7.9,
        "Book Price": 12.5
      }
    },
    {
      "quarter": "Q3 2016",
      "income status": {
        "Net sales": 6505527,
        "Cost of goods sold": 16643552,
        "Gross Profit": -10138025,
        "Financial expenses": 899676,
        "Of which: Interest expense": "N/A",
        "Cost of sales": 1085398,
        "Enterprise cost management": 3153871,
        "Total Operating Expenses": 5138945,
        "Total revenue financing activities": 1556796,
        "Net profit from business activities": 4908452,
        "Profit": -2478185,
        "Profit before tax": 2430267,
        "Present corporate income tax expenses": -440862,
        "Deferred income taxes expenses": "N/A",
        "The interests of minority shareholders": 23435,
        "Total Cost of profits": -417427,
        "Profit after tax corporate income": 1965970,
        "Volume": 3418715334,
        "Close of Quarter": 16.1,
        "EPS": 1884,
        "Non-adjusted EPS": 1884,
        "PE": 8.6,
        "Book Price": 13
      }
    },
    {
      "quarter": "Q2 2016",
      "income status": {
        "Net sales": 4562281,
        "Cost of goods sold": 13930011,
        "Gross Profit": -9367730,
        "Financial expenses": 755724,
        "Of which: Interest expense": "N/A",
        "Cost of sales": 1059889,
        "Enterprise cost management": 3076281,
        "Total Operating Expenses": 4891894,
        "Total revenue financing activities": 2267434,
        "Net profit from business activities": 3753434,
        "Profit": -2503233,
        "Profit before tax": 1250201,
        "Present corporate income tax expenses": -238456,
        "Deferred income taxes expenses": "N/A",
        "The interests of minority shareholders": 16510,
        "Total Cost of profits": -221946,
        "Profit after tax corporate income": 995235,
        "Volume": 3418715334,
        "Close of Quarter": 16.6,
        "EPS": 1897,
        "Non-adjusted EPS": 1897,
        "PE": 8.8,
        "Book Price": 12.6
      }
    },
    {
      "quarter": "Q1 2016",
      "income status": {
        "Net sales": 5639622,
        "Cost of goods sold": 14617747,
        "Gross Profit": -8978125,
        "Financial expenses": 600901,
        "Of which: Interest expense": "N/A",
        "Cost of sales": 961503,
        "Enterprise cost management": 2637765,
        "Total Operating Expenses": 4200169,
        "Total revenue financing activities": 1066365,
        "Net profit from business activities": 4068222,
        "Profit": -1990741,
        "Profit before tax": 2077481,
        "Present corporate income tax expenses": -394924,
        "Deferred income taxes expenses": "N/A",
        "The interests of minority shareholders": 23277,
        "Total Cost of profits": -371647,
        "Profit after tax corporate income": 1659280,
        "Volume": 3418715334,
        "Close of Quarter": 15.9,
        "EPS": 1780,
        "Non-adjusted EPS": 1780,
        "PE": 8.9,
        "Book Price": 12.4
      }
    },
    {
      "quarter": "Q4 2015",
      "income status": {
        "Net sales": 5653084,
        "Cost of goods sold": 13696162,
        "Gross Profit": -8043078,
        "Financial expenses": 1187740,
        "Of which: Interest expense": "N/A",
        "Cost of sales": 1207072,
        "Enterprise cost management": 3470981,
        "Total Operating Expenses": 5865793,
        "Total revenue financing activities": 2069853,
        "Net profit from business activities": 4251956,
        "Profit": -1842954,
        "Profit before tax": 2409002,
        "Present corporate income tax expenses": -540351,
        "Deferred income taxes expenses": "N/A",
        "The interests of minority shareholders": 47316,
        "Total Cost of profits": -493035,
        "Profit after tax corporate income": 1821335,
        "Volume": 3418715334,
        "Close of Quarter": 19.6,
        "EPS": 1843,
        "Non-adjusted EPS": 1843,
        "PE": 10.6,
        "Book Price": 12
      }
    },
    {
      "quarter": "Q3 2015",
      "income status": {
        "Net sales": 5224712,
        "Cost of goods sold": 13161877,
        "Gross Profit": -7937165,
        "Financial expenses": 760925,
        "Of which: Interest expense": "N/A",
        "Cost of sales": 1010011,
        "Enterprise cost management": 3125230,
        "Total Operating Expenses": 4896166,
        "Total revenue financing activities": 817586,
        "Net profit from business activities": 2917068,
        "Profit": -499301,
        "Profit before tax": 2417767,
        "Present corporate income tax expenses": -400502,
        "Deferred income taxes expenses": "N/A",
        "The interests of minority shareholders": 7597,
        "Total Cost of profits": -392905,
        "Profit after tax corporate income": 2009668,
        "Volume": "N/A",
        "Close of Quarter": 22.5,
        "EPS": "N/A",
        "Non-adjusted EPS": " ",
        "PE": "N/A",
        "Book Price": "N/A"
      }
    },
    {
      "quarter": "Q2 2015",
      "income status": {
        "Net sales": 10812487,
        "Cost of goods sold": 6909310,
        "Gross Profit": 3903177,
        "Financial expenses": 84163,
        "Of which: Interest expense": "N/A",
        "Cost of sales": 367451,
        "Enterprise cost management": 2334678,
        "Total Operating Expenses": 2786292,
        "Total revenue financing activities": 2209067,
        "Net profit from business activities": 3325952,
        "Profit": -2481651,
        "Profit before tax": 844301,
        "Present corporate income tax expenses": -215005,
        "Deferred income taxes expenses": "N/A",
        "The interests of minority shareholders": 35739,
        "Total Cost of profits": -179266,
        "Profit after tax corporate income": 595682,
        "Volume": "N/A",
        "Close of Quarter": 20.1,
        "EPS": "",
        "Non-adjusted EPS": "N/A",
        "PE": "N/A",
        "Book Price": "N/A"
      }
    },
    {
      "quarter": "Q1 2015",
      "income status": {
        "Net sales": 11392173,
        "Cost of goods sold": 6800706,
        "Gross Profit": 4591467,
        "Financial expenses": 258788,
        "Of which: Interest expense": "N/A",
        "Cost of sales": 330311,
        "Enterprise cost management": 2026739,
        "Total Operating Expenses": 2615838,
        "Total revenue financing activities": 1276312,
        "Net profit from business activities": 3251941,
        "Profit": -978825,
        "Profit before tax": 2273116,
        "Present corporate income tax expenses": -408080,
        "Deferred income taxes expenses": "N/A",
        "The interests of minority shareholders": -10387,
        "Total Cost of profits": -418467,
        "Profit after tax corporate income": 1875423,
        "Volume": "N/A",
        "Close of Quarter": 15.1,
        "EPS": "",
        "Non-adjusted EPS": "N/A",
        "PE": "N/A",
        "Book Price": "N/A"
      }
    },
    {
      "quarter": "Q4 2014",
      "income status": {
        "Net sales": 9537215,
        "Cost of goods sold": 4858831,
        "Gross Profit": 4678383,
        "Financial expenses": 509725,
        "Of which: Interest expense": "N/A",
        "Cost of sales": 381679,
        "Enterprise cost management": 2894398,
        "Total Operating Expenses": 3785802,
        "Total revenue financing activities": 3913561,
        "Net profit from business activities": 4806142,
        "Profit": -2945923,
        "Profit before tax": 1860219,
        "Present corporate income tax expenses": -403025,
        "Deferred income taxes expenses": "N/A",
        "The interests of minority shareholders": 8093,
        "Total Cost of profits": -394932,
        "Profit after tax corporate income": 1449101,
        "Volume": "N/A",
        "Close of Quarter": 10.9,
        "EPS": " ",
        "Non-adjusted EPS": "",
        "PE": "N/A",
        "Book Price": "N/A"
      }
    },
    {
      "quarter": "Q3 2014",
      "income status": {
        "Net sales": 11125978,
        "Cost of goods sold": 7566685,
        "Gross Profit": 3559292,
        "Financial expenses": 113646,
        "Of which: Interest expense": "N/A",
        "Cost of sales": 318680,
        "Enterprise cost management": 1883557,
        "Total Operating Expenses": 2315883,
        "Total revenue financing activities": 1786769,
        "Net profit from business activities": 3030178,
        "Profit": -1046935,
        "Profit before tax": 1983243,
        "Present corporate income tax expenses": -391967,
        "Deferred income taxes expenses": "N/A",
        "The interests of minority shareholders": -11861,
        "Total Cost of profits": -403828,
        "Profit after tax corporate income": 1597726,
        "Volume": "N/A",
        "Close of Quarter": 11.8,
        "EPS": "N/A",
        "Non-adjusted EPS": "",
        "PE": "N/A",
        "Book Price": "N/A"
      }
    },
    {
      "quarter": "Q2 2014",
      "income status": {
        "Net sales": 11407431,
        "Cost of goods sold": 7274472,
        "Gross Profit": 4132959,
        "Financial expenses": 138915,
        "Of which: Interest expense": "N/A",
        "Cost of sales": 241957,
        "Enterprise cost management": 2667846,
        "Total Operating Expenses": 3048718,
        "Total revenue financing activities": 1602503,
        "Net profit from business activities": 2686744,
        "Profit": -2172253,
        "Profit before tax": 514491,
        "Present corporate income tax expenses": -115373,
        "Deferred income taxes expenses": -5205,
        "The interests of minority shareholders": 9095,
        "Total Cost of profits": -111483,
        "Profit after tax corporate income": 395227,
        "Volume": "N/A",
        "Close of Quarter": 12.3,
        "EPS": "N/A",
        "Non-adjusted EPS": " ",
        "PE": "N/A",
        "Book Price": "N/A"
      }
    },
    {
      "quarter": "Q1 2014",
      "income status": {
        "Net sales": 10937928,
        "Cost of goods sold": 7440004,
        "Gross Profit": 3497924,
        "Financial expenses": 84698,
        "Of which: Interest expense": "N/A",
        "Cost of sales": 237284,
        "Enterprise cost management": 1959431,
        "Total Operating Expenses": 2281413,
        "Total revenue financing activities": 1427153,
        "Net profit from business activities": 2643664,
        "Profit": -694876,
        "Profit before tax": 1948788,
        "Present corporate income tax expenses": -404073,
        "Deferred income taxes expenses": "N/A",
        "The interests of minority shareholders": 8237,
        "Total Cost of profits": -395836,
        "Profit after tax corporate income": 1536479,
        "Volume": "N/A",
        "Close of Quarter": 13.6,
        "EPS": "",
        "Non-adjusted EPS": "N/A",
        "PE": "N/A",
        "Book Price": "N/A"
      }
    },
    {
      "quarter": "Q4 2013",
      "income status": {
        "Net sales": 11799928,
        "Cost of goods sold": 7600588,
        "Gross Profit": 4199340,
        "Financial expenses": 351050,
        "Of which: Interest expense": "N/A",
        "Cost of sales": 301683,
        "Enterprise cost management": 2743049,
        "Total Operating Expenses": 3395782,
        "Total revenue financing activities": 2960704,
        "Net profit from business activities": 3764262,
        "Profit": -2513835,
        "Profit before tax": 1250427,
        "Present corporate income tax expenses": -301028,
        "Deferred income taxes expenses": "N/A",
        "The interests of minority shareholders": -4501,
        "Total Cost of profits": -305529,
        "Profit after tax corporate income": 953900,
        "Volume": "N/A",
        "Close of Quarter": "N/A",
        "EPS": "",
        "Non-adjusted EPS": "N/A",
        "PE": "N/A",
        "Book Price": "N/A"
      }
    },
    {
      "quarter": "Q3 2013",
      "income status": {
        "Net sales": 10703489,
        "Cost of goods sold": 7442007,
        "Gross Profit": 3261482,
        "Financial expenses": 174483,
        "Of which: Interest expense": "N/A",
        "Cost of sales": 228757,
        "Enterprise cost management": 1406221,
        "Total Operating Expenses": 1809461,
        "Total revenue financing activities": 1433198,
        "Net profit from business activities": 2885218,
        "Profit": -1403834,
        "Profit before tax": 1481384,
        "Present corporate income tax expenses": -342870,
        "Deferred income taxes expenses": "N/A",
        "The interests of minority shareholders": 6105,
        "Total Cost of profits": -336765,
        "Profit after tax corporate income": 1132409,
        "Volume": "N/A",
        "Close of Quarter": "N/A",
        "EPS": " ",
        "Non-adjusted EPS": "",
        "PE": "N/A",
        "Book Price": "N/A"
      }
    },
    {
      "quarter": "Q2 2013",
      "income status": {
        "Net sales": 11147559,
        "Cost of goods sold": 7663255,
        "Gross Profit": 3484304,
        "Financial expenses": 261881,
        "Of which: Interest expense": "N/A",
        "Cost of sales": 174738,
        "Enterprise cost management": 1768043,
        "Total Operating Expenses": 2204662,
        "Total revenue financing activities": 1595324,
        "Net profit from business activities": 2875167,
        "Profit": -1811059,
        "Profit before tax": 1064107,
        "Present corporate income tax expenses": -232771,
        "Deferred income taxes expenses": "N/A",
        "The interests of minority shareholders": 3834,
        "Total Cost of profits": -228937,
        "Profit after tax corporate income": 827503,
        "Volume": "N/A",
        "Close of Quarter": "N/A",
        "EPS": "N/A",
        "Non-adjusted EPS": "",
        "PE": "N/A",
        "Book Price": "N/A"
      }
    },
    {
      "quarter": "Q1 2013",
      "income status": {
        "Net sales": 10634491,
        "Cost of goods sold": 7510962,
        "Gross Profit": 3123529,
        "Financial expenses": 177668,
        "Of which: Interest expense": "N/A",
        "Cost of sales": 152556,
        "Enterprise cost management": 1602316,
        "Total Operating Expenses": 1932540,
        "Total revenue financing activities": 1130925,
        "Net profit from business activities": 2321915,
        "Profit": 807171,
        "Profit before tax": 1514745,
        "Present corporate income tax expenses": 368917,
        "Deferred income taxes expenses": "N/A",
        "The interests of minority shareholders": 4106,
        "Total Cost of profits": 373023,
        "Profit after tax corporate income": 1141721,
        "Volume": "N/A",
        "Close of Quarter": "N/A",
        "EPS": "N/A",
        "Non-adjusted EPS": " ",
        "PE": "N/A",
        "Book Price": "N/A"
      }
    }
  ]
}