{
  "ticker": "FBT",
  "data": [
    {
      "quarter": "Q1 2013",
      "income status": {
        "Net sales": 31250,
        "Cost of goods sold": 25391,
        "Gross Profit": 5859,
        "Financial expenses": 2922,
        "Of which: Interest expense": 2601,
        "Cost of sales": 1739,
        "Enterprise cost management": 2556,
        "Total Operating Expenses": 7217,
        "Total revenue financing activities": 123,
        "Net profit from business activities": -1235,
        "Profit": 1375,
        "Profit before tax": 140,
        "Present corporate income tax expenses": "N/A",
        "Deferred income taxes expenses": "N/A",
        "The interests of minority shareholders": "N/A",
        "Total Cost of profits": 0,
        "Profit after tax corporate income": 140,
        "Volume": 11265000,
        "Close of Quarter": 3.1,
        "EPS": -3920,
        "Non-adjusted EPS": -3920,
        "PE": -0.8,
        "Book Price": 3.2
      }
    },
    {
      "quarter": "Q4 2012",
      "income status": {
        "Net sales": 44280,
        "Cost of goods sold": 60467,
        "Gross Profit": -16187,
        "Financial expenses": 2931,
        "Of which: Interest expense": 2344,
        "Cost of sales": 2188,
        "Enterprise cost management": 11810,
        "Total Operating Expenses": 16929,
        "Total revenue financing activities": 459,
        "Net profit from business activities": -32657,
        "Profit": 406,
        "Profit before tax": -32251,
        "Present corporate income tax expenses": "N/A",
        "Deferred income taxes expenses": "N/A",
        "The interests of minority shareholders": "N/A",
        "Total Cost of profits": 0,
        "Profit after tax corporate income": -32251,
        "Volume": 11265000,
        "Close of Quarter": 3.2,
        "EPS": -3920,
        "Non-adjusted EPS": -3920,
        "PE": -0.8,
        "Book Price": 3.2
      }
    },
    {
      "quarter": "Q3 2012",
      "income status": {
        "Net sales": 51349,
        "Cost of goods sold": 56576,
        "Gross Profit": -5226,
        "Financial expenses": 1286,
        "Of which: Interest expense": 1286,
        "Cost of sales": 1376,
        "Enterprise cost management": 1923,
        "Total Operating Expenses": 4585,
        "Total revenue financing activities": 3481,
        "Net profit from business activities": -6330,
        "Profit": -1241,
        "Profit before tax": -7571,
        "Present corporate income tax expenses": "N/A",
        "Deferred income taxes expenses": "N/A",
        "The interests of minority shareholders": "N/A",
        "Total Cost of profits": 0,
        "Profit after tax corporate income": -7571,
        "Volume": 11265000,
        "Close of Quarter": 7.9,
        "EPS": -961,
        "Non-adjusted EPS": -961,
        "PE": -8.2,
        "Book Price": 6.1
      }
    },
    {
      "quarter": "Q2 2012",
      "income status": {
        "Net sales": 19969,
        "Cost of goods sold": 20203,
        "Gross Profit": -233,
        "Financial expenses": 4043,
        "Of which: Interest expense": 4043,
        "Cost of sales": 334,
        "Enterprise cost management": 2554,
        "Total Operating Expenses": 6931,
        "Total revenue financing activities": 211,
        "Net profit from business activities": -6953,
        "Profit": 2480,
        "Profit before tax": -4473,
        "Present corporate income tax expenses": "N/A",
        "Deferred income taxes expenses": "N/A",
        "The interests of minority shareholders": "N/A",
        "Total Cost of profits": 0,
        "Profit after tax corporate income": -4473,
        "Volume": 11265000,
        "Close of Quarter": 12.2,
        "EPS": 383,
        "Non-adjusted EPS": 383,
        "PE": 31.9,
        "Book Price": 6.7
      }
    },
    {
      "quarter": "Q1 2012",
      "income status": {
        "Net sales": 12937,
        "Cost of goods sold": 11949,
        "Gross Profit": 988,
        "Financial expenses": 369,
        "Of which: Interest expense": 368,
        "Cost of sales": 172,
        "Enterprise cost management": 808,
        "Total Operating Expenses": 1349,
        "Total revenue financing activities": 4,
        "Net profit from business activities": -356,
        "Profit": 494,
        "Profit before tax": 138,
        "Present corporate income tax expenses": "N/A",
        "Deferred income taxes expenses": "N/A",
        "The interests of minority shareholders": "N/A",
        "Total Cost of profits": 0,
        "Profit after tax corporate income": 138,
        "Volume": 11265000,
        "Close of Quarter": 6.1,
        "EPS": 1280,
        "Non-adjusted EPS": 1280,
        "PE": 4.8,
        "Book Price": 8.2
      }
    },
    {
      "quarter": "Q4 2011",
      "income status": {
        "Net sales": 42055,
        "Cost of goods sold": 40433,
        "Gross Profit": 1622,
        "Financial expenses": 538,
        "Of which: Interest expense": 502,
        "Cost of sales": 473,
        "Enterprise cost management": 3055,
        "Total Operating Expenses": 4066,
        "Total revenue financing activities": 239,
        "Net profit from business activities": -2205,
        "Profit": 3289,
        "Profit before tax": 1084,
        "Present corporate income tax expenses": "N/A",
        "Deferred income taxes expenses": "N/A",
        "The interests of minority shareholders": "N/A",
        "Total Cost of profits": 0,
        "Profit after tax corporate income": 1084,
        "Volume": 11265000,
        "Close of Quarter": 4.6,
        "EPS": 1053,
        "Non-adjusted EPS": 1053,
        "PE": 4.4,
        "Book Price": 8.7
      }
    },
    {
      "quarter": "Q3 2011",
      "income status": {
        "Net sales": 50316,
        "Cost of goods sold": 40240,
        "Gross Profit": 10076,
        "Financial expenses": 7455,
        "Of which: Interest expense": 6770,
        "Cost of sales": 774,
        "Enterprise cost management": 1891,
        "Total Operating Expenses": 10120,
        "Total revenue financing activities": 7777,
        "Net profit from business activities": 7734,
        "Profit": -171,
        "Profit before tax": 10782,
        "Present corporate income tax expenses": "N/A",
        "Deferred income taxes expenses": "N/A",
        "The interests of minority shareholders": "N/A",
        "Total Cost of profits": 0,
        "Profit after tax corporate income": 7563,
        "Volume": 11265000,
        "Close of Quarter": 7.4,
        "EPS": 344,
        "Non-adjusted EPS": 344,
        "PE": 21.5,
        "Book Price": 8.6
      }
    },
    {
      "quarter": "Q2 2011",
      "income status": {
        "Net sales": 77402,
        "Cost of goods sold": 59623,
        "Gross Profit": 17778,
        "Financial expenses": 6752,
        "Of which: Interest expense": 6730,
        "Cost of sales": 2797,
        "Enterprise cost management": 1113,
        "Total Operating Expenses": 10662,
        "Total revenue financing activities": 76,
        "Net profit from business activities": 7193,
        "Profit": -1555,
        "Profit before tax": 5638,
        "Present corporate income tax expenses": "N/A",
        "Deferred income taxes expenses": "N/A",
        "The interests of minority shareholders": "N/A",
        "Total Cost of profits": 0,
        "Profit after tax corporate income": 5638,
        "Volume": 11265000,
        "Close of Quarter": 7.8,
        "EPS": -313,
        "Non-adjusted EPS": -313,
        "PE": -24.9,
        "Book Price": 8
      }
    },
    {
      "quarter": "Q1 2011",
      "income status": {
        "Net sales": 32862,
        "Cost of goods sold": 28471,
        "Gross Profit": 4391,
        "Financial expenses": 3804,
        "Of which: Interest expense": 3801,
        "Cost of sales": 2699,
        "Enterprise cost management": 1801,
        "Total Operating Expenses": 8304,
        "Total revenue financing activities": 4661,
        "Net profit from business activities": 748,
        "Profit": -3166,
        "Profit before tax": -2419,
        "Present corporate income tax expenses": "N/A",
        "Deferred income taxes expenses": "N/A",
        "The interests of minority shareholders": "N/A",
        "Total Cost of profits": 0,
        "Profit after tax corporate income": -2419,
        "Volume": 11265000,
        "Close of Quarter": 7,
        "EPS": -4940,
        "Non-adjusted EPS": -4940,
        "PE": -1.4,
        "Book Price": 7.5
      }
    },
    {
      "quarter": "Q4 2010",
      "income status": {
        "Net sales": 73293,
        "Cost of goods sold": 60862,
        "Gross Profit": 12431,
        "Financial expenses": 3823,
        "Of which: Interest expense": 3801,
        "Cost of sales": 9722,
        "Enterprise cost management": 4272,
        "Total Operating Expenses": 17817,
        "Total revenue financing activities": 2522,
        "Net profit from business activities": -2865,
        "Profit": -4037,
        "Profit before tax": -6902,
        "Present corporate income tax expenses": "N/A",
        "Deferred income taxes expenses": "N/A",
        "The interests of minority shareholders": "N/A",
        "Total Cost of profits": 0,
        "Profit after tax corporate income": -6902,
        "Volume": 11265000,
        "Close of Quarter": 9.8,
        "EPS": -6102,
        "Non-adjusted EPS": -6102,
        "PE": -1.6,
        "Book Price": 8
      }
    },
    {
      "quarter": "Q3 2010",
      "income status": {
        "Net sales": 98424,
        "Cost of goods sold": 80382,
        "Gross Profit": 18042,
        "Financial expenses": 7312,
        "Of which: Interest expense": 7312,
        "Cost of sales": 8870,
        "Enterprise cost management": 2325,
        "Total Operating Expenses": 18507,
        "Total revenue financing activities": 6656,
        "Net profit from business activities": 6191,
        "Profit": -6032,
        "Profit before tax": 158,
        "Present corporate income tax expenses": "N/A",
        "Deferred income taxes expenses": "N/A",
        "The interests of minority shareholders": "N/A",
        "Total Cost of profits": 0,
        "Profit after tax corporate income": 158,
        "Volume": 11265000,
        "Close of Quarter": 9.5,
        "EPS": -6581,
        "Non-adjusted EPS": -6581,
        "PE": -1.4,
        "Book Price": 8.7
      }
    },
    {
      "quarter": "Q2 2010",
      "income status": {
        "Net sales": 78669,
        "Cost of goods sold": 91429,
        "Gross Profit": -12759,
        "Financial expenses": 6481,
        "Of which: Interest expense": 6370,
        "Cost of sales": 12124,
        "Enterprise cost management": 6545,
        "Total Operating Expenses": 25150,
        "Total revenue financing activities": 965,
        "Net profit from business activities": -36944,
        "Profit": -9547,
        "Profit before tax": -46491,
        "Present corporate income tax expenses": "N/A",
        "Deferred income taxes expenses": "N/A",
        "The interests of minority shareholders": "N/A",
        "Total Cost of profits": 0,
        "Profit after tax corporate income": -46491,
        "Volume": 11265000,
        "Close of Quarter": 13,
        "EPS": -8095,
        "Non-adjusted EPS": -8095,
        "PE": -1.6,
        "Book Price": 15.4
      }
    },
    {
      "quarter": "Q1 2010",
      "income status": {
        "Net sales": 164002,
        "Cost of goods sold": "N/A",
        "Gross Profit": -1817,
        "Financial expenses": "N/A",
        "Of which: Interest expense": 3522,
        "Cost of sales": "N/A",
        "Enterprise cost management": 2466,
        "Total Operating Expenses": 2466,
        "Total revenue financing activities": "N/A",
        "Net profit from business activities": -15474,
        "Profit": -35,
        "Profit before tax": -15509,
        "Present corporate income tax expenses": "N/A",
        "Deferred income taxes expenses": "N/A",
        "The interests of minority shareholders": "N/A",
        "Total Cost of profits": 0,
        "Profit after tax corporate income": -15509,
        "Volume": 11265000,
        "Close of Quarter": 13.1,
        "EPS": -9150,
        "Non-adjusted EPS": -9150,
        "PE": -1.4,
        "Book Price": 19.4
      }
    },
    {
      "quarter": "Q4 2009",
      "income status": {
        "Net sales": 122983,
        "Cost of goods sold": "N/A",
        "Gross Profit": 6853,
        "Financial expenses": "N/A",
        "Of which: Interest expense": 5473,
        "Cost of sales": "N/A",
        "Enterprise cost management": 2097,
        "Total Operating Expenses": 2097,
        "Total revenue financing activities": "N/A",
        "Net profit from business activities": -14283,
        "Profit": 1992,
        "Profit before tax": -12291,
        "Present corporate income tax expenses": "N/A",
        "Deferred income taxes expenses": "N/A",
        "The interests of minority shareholders": "N/A",
        "Total Cost of profits": 0,
        "Profit after tax corporate income": -12291,
        "Volume": 11265000,
        "Close of Quarter": 14.3,
        "EPS": -7719,
        "Non-adjusted EPS": -7719,
        "PE": -1.9,
        "Book Price": 20.8
      }
    },
    {
      "quarter": "Q3 2009",
      "income status": {
        "Net sales": 305486,
        "Cost of goods sold": "N/A",
        "Gross Profit": 11985,
        "Financial expenses": "N/A",
        "Of which: Interest expense": 4200,
        "Cost of sales": "N/A",
        "Enterprise cost management": 2447,
        "Total Operating Expenses": 2447,
        "Total revenue financing activities": "N/A",
        "Net profit from business activities": -17015,
        "Profit": 121,
        "Profit before tax": -16894,
        "Present corporate income tax expenses": "N/A",
        "Deferred income taxes expenses": "N/A",
        "The interests of minority shareholders": "N/A",
        "Total Cost of profits": 0,
        "Profit after tax corporate income": -16894,
        "Volume": 11265000,
        "Close of Quarter": 18,
        "EPS": -6617,
        "Non-adjusted EPS": -6617,
        "PE": -2.7,
        "Book Price": 21.9
      }
    },
    {
      "quarter": "Q2 2009",
      "income status": {
        "Net sales": 225831,
        "Cost of goods sold": "N/A",
        "Gross Profit": -46025,
        "Financial expenses": "N/A",
        "Of which: Interest expense": 1412,
        "Cost of sales": "N/A",
        "Enterprise cost management": 1916,
        "Total Operating Expenses": 1916,
        "Total revenue financing activities": "N/A",
        "Net profit from business activities": -58444,
        "Profit": 58,
        "Profit before tax": -58386,
        "Present corporate income tax expenses": "N/A",
        "Deferred income taxes expenses": "N/A",
        "The interests of minority shareholders": "N/A",
        "Total Cost of profits": 0,
        "Profit after tax corporate income": -58386,
        "Volume": 11265000,
        "Close of Quarter": 16.5,
        "EPS": -4735,
        "Non-adjusted EPS": -4735,
        "PE": -3.5,
        "Book Price": 23.4
      }
    },
    {
      "quarter": "Q1 2009",
      "income status": {
        "Net sales": 150749,
        "Cost of goods sold": "N/A",
        "Gross Profit": 6711,
        "Financial expenses": "N/A",
        "Of which: Interest expense": 3747,
        "Cost of sales": "N/A",
        "Enterprise cost management": 2252,
        "Total Operating Expenses": 2252,
        "Total revenue financing activities": "N/A",
        "Net profit from business activities": 356,
        "Profit": 325,
        "Profit before tax": 681,
        "Present corporate income tax expenses": "N/A",
        "Deferred income taxes expenses": 61,
        "The interests of minority shareholders": "N/A",
        "Total Cost of profits": 61,
        "Profit after tax corporate income": 620,
        "Volume": 12000000,
        "Close of Quarter": 16.9,
        "EPS": 711.6,
        "Non-adjusted EPS": 668,
        "PE": 25.3,
        "Book Price": 29.7
      }
    },
    {
      "quarter": "Q4 2008",
      "income status": {
        "Net sales": 146447,
        "Cost of goods sold": 110896,
        "Gross Profit": 35551,
        "Financial expenses": 11286,
        "Of which: Interest expense": 6145,
        "Cost of sales": 26417,
        "Enterprise cost management": 3595,
        "Total Operating Expenses": 41298,
        "Total revenue financing activities": 5087,
        "Net profit from business activities": -660,
        "Profit": 775,
        "Profit before tax": 114,
        "Present corporate income tax expenses": "N/A",
        "Deferred income taxes expenses": "N/A",
        "The interests of minority shareholders": "N/A",
        "Total Cost of profits": 0,
        "Profit after tax corporate income": 114,
        "Volume": 13500000,
        "Close of Quarter": 18.2,
        "EPS": 933.6,
        "Non-adjusted EPS": 779,
        "PE": 23.4,
        "Book Price": 31.8
      }
    },
    {
      "quarter": "Q3 2008",
      "income status": {
        "Net sales": 348327,
        "Cost of goods sold": 305613,
        "Gross Profit": 42714,
        "Financial expenses": 14681,
        "Of which: Interest expense": 14679,
        "Cost of sales": 23567,
        "Enterprise cost management": 2688,
        "Total Operating Expenses": 40936,
        "Total revenue financing activities": 1179,
        "Net profit from business activities": 2956,
        "Profit": 1359,
        "Profit before tax": 4315,
        "Present corporate income tax expenses": "N/A",
        "Deferred income taxes expenses": "N/A",
        "The interests of minority shareholders": "N/A",
        "Total Cost of profits": 0,
        "Profit after tax corporate income": 4315,
        "Volume": 15000000,
        "Close of Quarter": 21.5,
        "EPS": 1641.8,
        "Non-adjusted EPS": 1233,
        "PE": 17.5,
        "Book Price": 35.2
      }
    },
    {
      "quarter": "Q2 2008",
      "income status": {
        "Net sales": 174056,
        "Cost of goods sold": 151545,
        "Gross Profit": 22511,
        "Financial expenses": 8545,
        "Of which: Interest expense": "N/A",
        "Cost of sales": 12424,
        "Enterprise cost management": 3006,
        "Total Operating Expenses": 23975,
        "Total revenue financing activities": 3993,
        "Net profit from business activities": 2529,
        "Profit": 442,
        "Profit before tax": 2971,
        "Present corporate income tax expenses": "N/A",
        "Deferred income taxes expenses": "N/A",
        "The interests of minority shareholders": "N/A",
        "Total Cost of profits": 0,
        "Profit after tax corporate income": 2971,
        "Volume": 15000000,
        "Close of Quarter": 10.3,
        "EPS": 1881.5,
        "Non-adjusted EPS": 1413,
        "PE": 7.3,
        "Book Price": 14.3
      }
    },
    {
      "quarter": "Q1 2008",
      "income status": {
        "Net sales": 136750,
        "Cost of goods sold": 123928,
        "Gross Profit": 12822,
        "Financial expenses": 2407,
        "Of which: Interest expense": 1807,
        "Cost of sales": 5714,
        "Enterprise cost management": 2302,
        "Total Operating Expenses": 10423,
        "Total revenue financing activities": 266,
        "Net profit from business activities": 2664,
        "Profit": 455,
        "Profit before tax": 3119,
        "Present corporate income tax expenses": "N/A",
        "Deferred income taxes expenses": "N/A",
        "The interests of minority shareholders": "N/A",
        "Total Cost of profits": 0,
        "Profit after tax corporate income": 3119,
        "Volume": 15000000,
        "Close of Quarter": 14.1,
        "EPS": 1632.5,
        "Non-adjusted EPS": 1226,
        "PE": 11.5,
        "Book Price": 14.0
      }
    },
    {
      "quarter": "Q4 2007",
      "income status": {
        "Net sales": 190661,
        "Cost of goods sold": 156400,
        "Gross Profit": 34261,
        "Financial expenses": 13560,
        "Of which: Interest expense": 12864,
        "Cost of sales": 12996,
        "Enterprise cost management": 2102,
        "Total Operating Expenses": 28658,
        "Total revenue financing activities": 3397,
        "Net profit from business activities": 8999,
        "Profit": 290,
        "Profit before tax": 9289,
        "Present corporate income tax expenses": 1200,
        "Deferred income taxes expenses": "N/A",
        "The interests of minority shareholders": "N/A",
        "Total Cost of profits": 1200,
        "Profit after tax corporate income": 8089,
        "Volume": 15000000,
        "Close of Quarter": "N/A",
        "EPS": 1539.3,
        "Non-adjusted EPS": 1156,
        "PE": "N/A",
        "Book Price": 14.7
      }
    },
    {
      "quarter": "Q3 2007",
      "income status": {
        "Net sales": 175359,
        "Cost of goods sold": 140413,
        "Gross Profit": 34946,
        "Financial expenses": 12600,
        "Of which: Interest expense": 12555,
        "Cost of sales": 14233,
        "Enterprise cost management": 1883,
        "Total Operating Expenses": 28716,
        "Total revenue financing activities": 896,
        "Net profit from business activities": 7126,
        "Profit": -107,
        "Profit before tax": 7020,
        "Present corporate income tax expenses": "N/A",
        "Deferred income taxes expenses": "N/A",
        "The interests of minority shareholders": "N/A",
        "Total Cost of profits": 0,
        "Profit after tax corporate income": 7020,
        "Volume": 15000000,
        "Close of Quarter": "N/A",
        "EPS": 821.6,
        "Non-adjusted EPS": 617,
        "PE": "N/A",
        "Book Price": 13.9
      }
    },
    {
      "quarter": "Q2 2007",
      "income status": {
        "Net sales": 119145,
        "Cost of goods sold": 112047,
        "Gross Profit": 7098,
        "Financial expenses": 4232,
        "Of which: Interest expense": "N/A",
        "Cost of sales": 3313,
        "Enterprise cost management": 1613,
        "Total Operating Expenses": 9158,
        "Total revenue financing activities": 2214,
        "Net profit from business activities": 155,
        "Profit": 1,
        "Profit before tax": 155,
        "Present corporate income tax expenses": "N/A",
        "Deferred income taxes expenses": "N/A",
        "The interests of minority shareholders": "N/A",
        "Total Cost of profits": 0,
        "Profit after tax corporate income": 155,
        "Volume": 15000000,
        "Close of Quarter": "N/A",
        "EPS": 198.4,
        "Non-adjusted EPS": 149,
        "PE": "N/A",
        "Book Price": "N/A"
      }
    },
    {
      "quarter": "Q4 2006",
      "income status": {
        "Net sales": 140289,
        "Cost of goods sold": 127123,
        "Gross Profit": 13165,
        "Financial expenses": 6241,
        "Of which: Interest expense": 6241,
        "Cost of sales": 4578,
        "Enterprise cost management": 1117,
        "Total Operating Expenses": 11936,
        "Total revenue financing activities": 495,
        "Net profit from business activities": 1724,
        "Profit": 498,
        "Profit before tax": 2222,
        "Present corporate income tax expenses": 141,
        "Deferred income taxes expenses": "N/A",
        "The interests of minority shareholders": "N/A",
        "Total Cost of profits": 141,
        "Profit after tax corporate income": 2081,
        "Volume": 15000000,
        "Close of Quarter": "N/A",
        "EPS": 185.1,
        "Non-adjusted EPS": 139,
        "PE": "N/A",
        "Book Price": "N/A"
      }
    }
  ]
}