{
  "ticker": "HBB",
  "data": [
    {
      "quarter": "Q1 2012",
      "income status": {
        "Net sales": 1099838,
        "Cost of goods sold": 969339,
        "Gross Profit": 130499,
        "Financial expenses": "N/A",
        "Of which: Interest expense": "N/A",
        "Cost of sales": 5898,
        "Enterprise cost management": 246547,
        "Total Operating Expenses": 252445,
        "Total revenue financing activities": 248650,
        "Net profit from business activities": 126704,
        "Profit": 87129,
        "Profit before tax": 39575,
        "Present corporate income tax expenses": 9794,
        "Deferred income taxes expenses": "N/A",
        "The interests of minority shareholders": "N/A",
        "Total Cost of profits": 9794,
        "Profit after tax corporate income": 29781,
        "Volume": 405000000,
        "Close of Quarter": 6.5,
        "EPS": 407,
        "Non-adjusted EPS": 407,
        "PE": 16.0,
        "Book Price": 11
      }
    },
    {
      "quarter": "Q4 2011",
      "income status": {
        "Net sales": 1458057,
        "Cost of goods sold": 1180538,
        "Gross Profit": 277519,
        "Financial expenses": "N/A",
        "Of which: Interest expense": "N/A",
        "Cost of sales": 6730,
        "Enterprise cost management": 256316,
        "Total Operating Expenses": 263046,
        "Total revenue financing activities": 66691,
        "Net profit from business activities": 81164,
        "Profit": 135774,
        "Profit before tax": -54610,
        "Present corporate income tax expenses": -13770,
        "Deferred income taxes expenses": "N/A",
        "The interests of minority shareholders": "N/A",
        "Total Cost of profits": -13770,
        "Profit after tax corporate income": -40840,
        "Volume": 405000000,
        "Close of Quarter": 4.3,
        "EPS": 648,
        "Non-adjusted EPS": 648,
        "PE": 6.6,
        "Book Price": 11.5
      }
    },
    {
      "quarter": "Q3 2011",
      "income status": {
        "Net sales": 1512703,
        "Cost of goods sold": 1300571,
        "Gross Profit": 212132,
        "Financial expenses": "N/A",
        "Of which: Interest expense": "N/A",
        "Cost of sales": 5455,
        "Enterprise cost management": 173958,
        "Total Operating Expenses": 179413,
        "Total revenue financing activities": 108495,
        "Net profit from business activities": 141214,
        "Profit": 22153,
        "Profit before tax": 119061,
        "Present corporate income tax expenses": 29170,
        "Deferred income taxes expenses": "N/A",
        "The interests of minority shareholders": "N/A",
        "Total Cost of profits": 29170,
        "Profit after tax corporate income": 89891,
        "Volume": 300000000,
        "Close of Quarter": 6.9,
        "EPS": 1073.3,
        "Non-adjusted EPS": 1449,
        "PE": 4.8,
        "Book Price": 11.7
      }
    },
    {
      "quarter": "Q2 2011",
      "income status": {
        "Net sales": 1513701,
        "Cost of goods sold": 1509794,
        "Gross Profit": 3907,
        "Financial expenses": 4959,
        "Of which: Interest expense": "N/A",
        "Cost of sales": 10011,
        "Enterprise cost management": 125919,
        "Total Operating Expenses": 140889,
        "Total revenue financing activities": 361152,
        "Net profit from business activities": 224170,
        "Profit": -110055,
        "Profit before tax": 114115,
        "Present corporate income tax expenses": -28010,
        "Deferred income taxes expenses": "N/A",
        "The interests of minority shareholders": "N/A",
        "Total Cost of profits": -28010,
        "Profit after tax corporate income": 86105,
        "Volume": 300000000,
        "Close of Quarter": 7.6,
        "EPS": 1174.8,
        "Non-adjusted EPS": 1586,
        "PE": 4.8,
        "Book Price": 8.8
      }
    },
    {
      "quarter": "Q1 2011",
      "income status": {
        "Net sales": 1318473,
        "Cost of goods sold": 978661,
        "Gross Profit": 339812,
        "Financial expenses": "N/A",
        "Of which: Interest expense": "N/A",
        "Cost of sales": 5907,
        "Enterprise cost management": 123681,
        "Total Operating Expenses": 129588,
        "Total revenue financing activities": -37292,
        "Net profit from business activities": 172932,
        "Profit": -3973,
        "Profit before tax": 168959,
        "Present corporate income tax expenses": -41822,
        "Deferred income taxes expenses": "N/A",
        "The interests of minority shareholders": "N/A",
        "Total Cost of profits": -41822,
        "Profit after tax corporate income": 127137,
        "Volume": 300000000,
        "Close of Quarter": 8.7,
        "EPS": 1215.6,
        "Non-adjusted EPS": 1641,
        "PE": 5.3,
        "Book Price": 8.7
      }
    },
    {
      "quarter": "Q4 2010",
      "income status": {
        "Net sales": 1557980,
        "Cost of goods sold": 1329091,
        "Gross Profit": 228890,
        "Financial expenses": "N/A",
        "Of which: Interest expense": "N/A",
        "Cost of sales": 26435,
        "Enterprise cost management": 144240,
        "Total Operating Expenses": 170675,
        "Total revenue financing activities": 168191,
        "Net profit from business activities": 226405,
        "Profit": -91949,
        "Profit before tax": 134456,
        "Present corporate income tax expenses": -3000,
        "Deferred income taxes expenses": "N/A",
        "The interests of minority shareholders": "N/A",
        "Total Cost of profits": -3000,
        "Profit after tax corporate income": 131456,
        "Volume": 300000000,
        "Close of Quarter": 10.2,
        "EPS": 901.5,
        "Non-adjusted EPS": 1217,
        "PE": 8.4,
        "Book Price": 9.2
      }
    },
    {
      "quarter": "Q3 2010",
      "income status": {
        "Net sales": 927438,
        "Cost of goods sold": 716616,
        "Gross Profit": 210822,
        "Financial expenses": "N/A",
        "Of which: Interest expense": "N/A",
        "Cost of sales": 10400,
        "Enterprise cost management": 110943,
        "Total Operating Expenses": 121343,
        "Total revenue financing activities": 143212,
        "Net profit from business activities": 232691,
        "Profit": -55793,
        "Profit before tax": 176898,
        "Present corporate income tax expenses": -45732,
        "Deferred income taxes expenses": "N/A",
        "The interests of minority shareholders": "N/A",
        "Total Cost of profits": -45732,
        "Profit after tax corporate income": 131166,
        "Volume": 300000000,
        "Close of Quarter": "N/A",
        "EPS": 577.0,
        "Non-adjusted EPS": 779,
        "PE": "N/A",
        "Book Price": "N/A"
      }
    },
    {
      "quarter": "Q1 2010",
      "income status": {
        "Net sales": 608589,
        "Cost of goods sold": 465887,
        "Gross Profit": 142702,
        "Financial expenses": "N/A",
        "Of which: Interest expense": "N/A",
        "Cost of sales": 2925,
        "Enterprise cost management": 72559,
        "Total Operating Expenses": 75484,
        "Total revenue financing activities": 66670,
        "Net profit from business activities": 133888,
        "Profit": "N/A",
        "Profit before tax": 133888,
        "Present corporate income tax expenses": -31461,
        "Deferred income taxes expenses": "N/A",
        "The interests of minority shareholders": "N/A",
        "Total Cost of profits": -31461,
        "Profit after tax corporate income": 102427,
        "Volume": 300000000,
        "Close of Quarter": "N/A",
        "EPS": 252.6,
        "Non-adjusted EPS": 341,
        "PE": "N/A",
        "Book Price": "N/A"
      }
    }
  ]
}