{
  "ticker": "BMI",
  "data": [
    {
      "quarter": "Q1 2017",
      "income status": {
        "Net sales": 666713,
        "Cost of goods sold": 629451,
        "Gross Profit": 37263,
        "Financial expenses": "N/A",
        "Of which: Interest expense": "N/A",
        "Cost of sales": "N/A",
        "Enterprise cost management": 34947,
        "Total Operating Expenses": 34947,
        "Total revenue financing activities": "N/A",
        "Net profit from business activities": 2316,
        "Profit": 49435,
        "Profit before tax": 50574,
        "Present corporate income tax expenses": "N/A",
        "Deferred income taxes expenses": "N/A",
        "The interests of minority shareholders": "N/A",
        "Total Cost of profits": 0,
        "Profit after tax corporate income": 41636,
        "Volume": 91354037,
        "Close of Quarter": 27.4,
        "EPS": 2300,
        "Non-adjusted EPS": 2300,
        "PE": 11.9,
        "Book Price": 24.2
      }
    },
    {
      "quarter": "Q4 2016",
      "income status": {
        "Net sales": 826851,
        "Cost of goods sold": 681768,
        "Gross Profit": 145083,
        "Financial expenses": "N/A",
        "Of which: Interest expense": "N/A",
        "Cost of sales": "N/A",
        "Enterprise cost management": 62424,
        "Total Operating Expenses": 62424,
        "Total revenue financing activities": "N/A",
        "Net profit from business activities": 82659,
        "Profit": 19835,
        "Profit before tax": 101767,
        "Present corporate income tax expenses": "N/A",
        "Deferred income taxes expenses": "N/A",
        "The interests of minority shareholders": "N/A",
        "Total Cost of profits": 0,
        "Profit after tax corporate income": 86000,
        "Volume": 91354037,
        "Close of Quarter": 23.2,
        "EPS": 2235,
        "Non-adjusted EPS": 2235,
        "PE": 10.4,
        "Book Price": 24.5
      }
    },
    {
      "quarter": "Q3 2016",
      "income status": {
        "Net sales": 686415,
        "Cost of goods sold": 664592,
        "Gross Profit": 21822,
        "Financial expenses": "N/A",
        "Of which: Interest expense": "N/A",
        "Cost of sales": "N/A",
        "Enterprise cost management": 40241,
        "Total Operating Expenses": 40241,
        "Total revenue financing activities": "N/A",
        "Net profit from business activities": -18418,
        "Profit": 41716,
        "Profit before tax": 23298,
        "Present corporate income tax expenses": "N/A",
        "Deferred income taxes expenses": "N/A",
        "The interests of minority shareholders": "N/A",
        "Total Cost of profits": 0,
        "Profit after tax corporate income": 19963,
        "Volume": 83049888,
        "Close of Quarter": 27.3,
        "EPS": 1615.5,
        "Non-adjusted EPS": 1777,
        "PE": 15.4,
        "Book Price": 23.5
      }
    },
    {
      "quarter": "Q2 2016",
      "income status": {
        "Net sales": 599624,
        "Cost of goods sold": 612033,
        "Gross Profit": -12409,
        "Financial expenses": "N/A",
        "Of which: Interest expense": "N/A",
        "Cost of sales": "N/A",
        "Enterprise cost management": 26269,
        "Total Operating Expenses": 26269,
        "Total revenue financing activities": "N/A",
        "Net profit from business activities": -38678,
        "Profit": 115501,
        "Profit before tax": 81649,
        "Present corporate income tax expenses": "N/A",
        "Deferred income taxes expenses": "N/A",
        "The interests of minority shareholders": 1387,
        "Total Cost of profits": 1387,
        "Profit after tax corporate income": 62517,
        "Volume": 83049888,
        "Close of Quarter": 22.4,
        "EPS": 1687.3,
        "Non-adjusted EPS": 1856,
        "PE": 12.1,
        "Book Price": 24.6
      }
    },
    {
      "quarter": "Q1 2016",
      "income status": {
        "Net sales": 612527,
        "Cost of goods sold": 554364,
        "Gross Profit": 58163,
        "Financial expenses": "N/A",
        "Of which: Interest expense": "N/A",
        "Cost of sales": "N/A",
        "Enterprise cost management": 31351,
        "Total Operating Expenses": 31351,
        "Total revenue financing activities": "N/A",
        "Net profit from business activities": 26812,
        "Profit": 18550,
        "Profit before tax": 40536,
        "Present corporate income tax expenses": "N/A",
        "Deferred income taxes expenses": "N/A",
        "The interests of minority shareholders": 2921,
        "Total Cost of profits": 2921,
        "Profit after tax corporate income": 35662,
        "Volume": 83049888,
        "Close of Quarter": 20.6,
        "EPS": 1558.2,
        "Non-adjusted EPS": 1714,
        "PE": 12.0,
        "Book Price": 24.6
      }
    },
    {
      "quarter": "Q4 2015",
      "income status": {
        "Net sales": 740620,
        "Cost of goods sold": 642267,
        "Gross Profit": 98353,
        "Financial expenses": "N/A",
        "Of which: Interest expense": "N/A",
        "Cost of sales": "N/A",
        "Enterprise cost management": 56283,
        "Total Operating Expenses": 56283,
        "Total revenue financing activities": "N/A",
        "Net profit from business activities": 42070,
        "Profit": -3034,
        "Profit before tax": 33905,
        "Present corporate income tax expenses": "N/A",
        "Deferred income taxes expenses": "N/A",
        "The interests of minority shareholders": 1041,
        "Total Cost of profits": 1041,
        "Profit after tax corporate income": 29465,
        "Volume": 83049888,
        "Close of Quarter": 21.2,
        "EPS": 1514.6,
        "Non-adjusted EPS": 1666,
        "PE": 12.7,
        "Book Price": 24.7
      }
    },
    {
      "quarter": "Q3 2015",
      "income status": {
        "Net sales": 634688,
        "Cost of goods sold": 633086,
        "Gross Profit": 1602,
        "Financial expenses": "N/A",
        "Of which: Interest expense": "N/A",
        "Cost of sales": "N/A",
        "Enterprise cost management": 7764,
        "Total Operating Expenses": 7764,
        "Total revenue financing activities": "N/A",
        "Net profit from business activities": -6162,
        "Profit": 38075,
        "Profit before tax": 27596,
        "Present corporate income tax expenses": "N/A",
        "Deferred income taxes expenses": "N/A",
        "The interests of minority shareholders": 986,
        "Total Cost of profits": 986,
        "Profit after tax corporate income": 26457,
        "Volume": 75500000,
        "Close of Quarter": 16.8,
        "EPS": 1522.3,
        "Non-adjusted EPS": 1842,
        "PE": 9.1,
        "Book Price": 24.5
      }
    },
    {
      "quarter": "Q2 2015",
      "income status": {
        "Net sales": 547049,
        "Cost of goods sold": 495965,
        "Gross Profit": 51084,
        "Financial expenses": "N/A",
        "Of which: Interest expense": "N/A",
        "Cost of sales": "N/A",
        "Enterprise cost management": 42758,
        "Total Operating Expenses": 42758,
        "Total revenue financing activities": "N/A",
        "Net profit from business activities": 8326,
        "Profit": 50746,
        "Profit before tax": 59072,
        "Present corporate income tax expenses": "N/A",
        "Deferred income taxes expenses": "N/A",
        "The interests of minority shareholders": 211,
        "Total Cost of profits": 211,
        "Profit after tax corporate income": 50804,
        "Volume": 75500000,
        "Close of Quarter": 12.8,
        "EPS": 1595.9,
        "Non-adjusted EPS": 1931,
        "PE": 6.7,
        "Book Price": 24.1
      }
    },
    {
      "quarter": "Q1 2015",
      "income status": {
        "Net sales": 518213,
        "Cost of goods sold": 475841,
        "Gross Profit": 42372,
        "Financial expenses": "N/A",
        "Of which: Interest expense": "N/A",
        "Cost of sales": "N/A",
        "Enterprise cost management": 36221,
        "Total Operating Expenses": 36221,
        "Total revenue financing activities": "N/A",
        "Net profit from business activities": 6151,
        "Profit": 32229,
        "Profit before tax": 38379,
        "Present corporate income tax expenses": "N/A",
        "Deferred income taxes expenses": "N/A",
        "The interests of minority shareholders": 753,
        "Total Cost of profits": 753,
        "Profit after tax corporate income": 31628,
        "Volume": 75500000,
        "Close of Quarter": 12.0,
        "EPS": 1291.8,
        "Non-adjusted EPS": 1563,
        "PE": 7.7,
        "Book Price": 24.2
      }
    },
    {
      "quarter": "Q4 2014",
      "income status": {
        "Net sales": 621168,
        "Cost of goods sold": 529544,
        "Gross Profit": 91624,
        "Financial expenses": "N/A",
        "Of which: Interest expense": "N/A",
        "Cost of sales": "N/A",
        "Enterprise cost management": 68055,
        "Total Operating Expenses": 68055,
        "Total revenue financing activities": "N/A",
        "Net profit from business activities": 23569,
        "Profit": 14514,
        "Profit before tax": 32045,
        "Present corporate income tax expenses": "N/A",
        "Deferred income taxes expenses": "N/A",
        "The interests of minority shareholders": 1081,
        "Total Cost of profits": 1081,
        "Profit after tax corporate income": 30197,
        "Volume": 75500000,
        "Close of Quarter": 12.0,
        "EPS": 1287.6,
        "Non-adjusted EPS": 1558,
        "PE": 7.7,
        "Book Price": 24.0
      }
    },
    {
      "quarter": "Q3 2014",
      "income status": {
        "Net sales": 550532,
        "Cost of goods sold": 502536,
        "Gross Profit": 47996,
        "Financial expenses": "N/A",
        "Of which: Interest expense": "N/A",
        "Cost of sales": "N/A",
        "Enterprise cost management": 30371,
        "Total Operating Expenses": 30371,
        "Total revenue financing activities": "N/A",
        "Net profit from business activities": 17626,
        "Profit": 22875,
        "Profit before tax": 32975,
        "Present corporate income tax expenses": "N/A",
        "Deferred income taxes expenses": "N/A",
        "The interests of minority shareholders": 945,
        "Total Cost of profits": 945,
        "Profit after tax corporate income": 33125,
        "Volume": 75500000,
        "Close of Quarter": 12.5,
        "EPS": 1244.6,
        "Non-adjusted EPS": 1506,
        "PE": 8.3,
        "Book Price": 23.8
      }
    },
    {
      "quarter": "Q2 2014",
      "income status": {
        "Net sales": 537029,
        "Cost of goods sold": 494963,
        "Gross Profit": 42066,
        "Financial expenses": "N/A",
        "Of which: Interest expense": "N/A",
        "Cost of sales": "N/A",
        "Enterprise cost management": 36512,
        "Total Operating Expenses": 36512,
        "Total revenue financing activities": "N/A",
        "Net profit from business activities": 5554,
        "Profit": 22438,
        "Profit before tax": 27459,
        "Present corporate income tax expenses": "N/A",
        "Deferred income taxes expenses": "N/A",
        "The interests of minority shareholders": 1505,
        "Total Cost of profits": 1505,
        "Profit after tax corporate income": 23021,
        "Volume": 75500000,
        "Close of Quarter": 9.8,
        "EPS": 1138.9,
        "Non-adjusted EPS": 1378,
        "PE": 7.1,
        "Book Price": 23.6
      }
    },
    {
      "quarter": "Q1 2014",
      "income status": {
        "Net sales": 464947,
        "Cost of goods sold": 428629,
        "Gross Profit": 36318,
        "Financial expenses": "N/A",
        "Of which: Interest expense": "N/A",
        "Cost of sales": "N/A",
        "Enterprise cost management": 30824,
        "Total Operating Expenses": 30824,
        "Total revenue financing activities": "N/A",
        "Net profit from business activities": 5494,
        "Profit": 33683,
        "Profit before tax": 39709,
        "Present corporate income tax expenses": "N/A",
        "Deferred income taxes expenses": "N/A",
        "The interests of minority shareholders": 823,
        "Total Cost of profits": 823,
        "Profit after tax corporate income": 31257,
        "Volume": 75500000,
        "Close of Quarter": 12.8,
        "EPS": 998.4,
        "Non-adjusted EPS": 1208,
        "PE": 10.6,
        "Book Price": 24.3
      }
    },
    {
      "quarter": "Q4 2013",
      "income status": {
        "Net sales": 550229,
        "Cost of goods sold": 375300,
        "Gross Profit": 174929,
        "Financial expenses": "N/A",
        "Of which: Interest expense": "N/A",
        "Cost of sales": "N/A",
        "Enterprise cost management": 145388,
        "Total Operating Expenses": 145388,
        "Total revenue financing activities": "N/A",
        "Net profit from business activities": 29542,
        "Profit": 140,
        "Profit before tax": 29681,
        "Present corporate income tax expenses": "N/A",
        "Deferred income taxes expenses": "N/A",
        "The interests of minority shareholders": 1217,
        "Total Cost of profits": 1217,
        "Profit after tax corporate income": 26331,
        "Volume": 75500000,
        "Close of Quarter": 8.1,
        "EPS": 1056.2,
        "Non-adjusted EPS": 1278,
        "PE": 6.3,
        "Book Price": 23.7
      }
    },
    {
      "quarter": "Q3 2013",
      "income status": {
        "Net sales": 505046,
        "Cost of goods sold": 337783,
        "Gross Profit": 167263,
        "Financial expenses": "N/A",
        "Of which: Interest expense": "N/A",
        "Cost of sales": "N/A",
        "Enterprise cost management": 160749,
        "Total Operating Expenses": 160749,
        "Total revenue financing activities": "N/A",
        "Net profit from business activities": 6514,
        "Profit": 22118,
        "Profit before tax": 28632,
        "Present corporate income tax expenses": "N/A",
        "Deferred income taxes expenses": "N/A",
        "The interests of minority shareholders": 845,
        "Total Cost of profits": 845,
        "Profit after tax corporate income": 23446,
        "Volume": 75500000,
        "Close of Quarter": 7.1,
        "EPS": 1301.7,
        "Non-adjusted EPS": 1575,
        "PE": 4.5,
        "Book Price": 23.6
      }
    },
    {
      "quarter": "Q2 2013",
      "income status": {
        "Net sales": 466135,
        "Cost of goods sold": 326648,
        "Gross Profit": 139486,
        "Financial expenses": "N/A",
        "Of which: Interest expense": "N/A",
        "Cost of sales": "N/A",
        "Enterprise cost management": 129488,
        "Total Operating Expenses": 129488,
        "Total revenue financing activities": "N/A",
        "Net profit from business activities": 9998,
        "Profit": -1824,
        "Profit before tax": 8174,
        "Present corporate income tax expenses": "N/A",
        "Deferred income taxes expenses": "N/A",
        "The interests of minority shareholders": -1274,
        "Total Cost of profits": -1274,
        "Profit after tax corporate income": 10162,
        "Volume": 75500000,
        "Close of Quarter": 7.9,
        "EPS": 1165.3,
        "Non-adjusted EPS": 1410,
        "PE": 5.6,
        "Book Price": 23.3
      }
    },
    {
      "quarter": "Q1 2012",
      "income status": {
        "Net sales": 407027,
        "Cost of goods sold": 293829,
        "Gross Profit": 113198,
        "Financial expenses": "N/A",
        "Of which: Interest expense": "N/A",
        "Cost of sales": "N/A",
        "Enterprise cost management": 117026,
        "Total Operating Expenses": 117026,
        "Total revenue financing activities": "N/A",
        "Net profit from business activities": -3828,
        "Profit": 51717,
        "Profit before tax": 47889,
        "Present corporate income tax expenses": "N/A",
        "Deferred income taxes expenses": "N/A",
        "The interests of minority shareholders": 1869,
        "Total Cost of profits": 1869,
        "Profit after tax corporate income": 36525,
        "Volume": 75500000,
        "Close of Quarter": 5.5,
        "EPS": 1506.6,
        "Non-adjusted EPS": 1823,
        "PE": 3.0,
        "Book Price": 25.4
      }
    },
    {
      "quarter": "Q4 2011",
      "income status": {
        "Net sales": 500824,
        "Cost of goods sold": 338718,
        "Gross Profit": 162105,
        "Financial expenses": "N/A",
        "Of which: Interest expense": "N/A",
        "Cost of sales": "N/A",
        "Enterprise cost management": 159970,
        "Total Operating Expenses": 159970,
        "Total revenue financing activities": "N/A",
        "Net profit from business activities": 2135,
        "Profit": 58598,
        "Profit before tax": 60733,
        "Present corporate income tax expenses": "N/A",
        "Deferred income taxes expenses": "N/A",
        "The interests of minority shareholders": 1783,
        "Total Cost of profits": 1783,
        "Profit after tax corporate income": 48807,
        "Volume": 75500000,
        "Close of Quarter": 4.9,
        "EPS": 1689.3,
        "Non-adjusted EPS": 2044,
        "PE": 2.4,
        "Book Price": 25.1
      }
    },
    {
      "quarter": "Q3 2011",
      "income status": {
        "Net sales": 405231,
        "Cost of goods sold": 282100,
        "Gross Profit": 123131,
        "Financial expenses": "N/A",
        "Of which: Interest expense": "N/A",
        "Cost of sales": "N/A",
        "Enterprise cost management": 127717,
        "Total Operating Expenses": 127717,
        "Total revenue financing activities": "N/A",
        "Net profit from business activities": -4586,
        "Profit": 17664,
        "Profit before tax": 13077,
        "Present corporate income tax expenses": "N/A",
        "Deferred income taxes expenses": "N/A",
        "The interests of minority shareholders": "N/A",
        "Total Cost of profits": 0,
        "Profit after tax corporate income": 10980,
        "Volume": 75500000,
        "Close of Quarter": 5.7,
        "EPS": 1764.5,
        "Non-adjusted EPS": 2135,
        "PE": 2.7,
        "Book Price": 24.9
      }
    },
    {
      "quarter": "Q2 2011",
      "income status": {
        "Net sales": 430698,
        "Cost of goods sold": 300014,
        "Gross Profit": 130684,
        "Financial expenses": "N/A",
        "Of which: Interest expense": "N/A",
        "Cost of sales": "N/A",
        "Enterprise cost management": 143203,
        "Total Operating Expenses": 143203,
        "Total revenue financing activities": "N/A",
        "Net profit from business activities": -12519,
        "Profit": 58502,
        "Profit before tax": 45982,
        "Present corporate income tax expenses": "N/A",
        "Deferred income taxes expenses": "N/A",
        "The interests of minority shareholders": 1945,
        "Total Cost of profits": 1945,
        "Profit after tax corporate income": 41287,
        "Volume": 75500000,
        "Close of Quarter": 6.4,
        "EPS": 1914.1,
        "Non-adjusted EPS": 2316,
        "PE": 2.8,
        "Book Price": 24.6
      }
    },
    {
      "quarter": "Q1 2011",
      "income status": {
        "Net sales": 389708,
        "Cost of goods sold": 252713,
        "Gross Profit": 136995,
        "Financial expenses": "N/A",
        "Of which: Interest expense": "N/A",
        "Cost of sales": "N/A",
        "Enterprise cost management": 120902,
        "Total Operating Expenses": 120902,
        "Total revenue financing activities": "N/A",
        "Net profit from business activities": 16093,
        "Profit": 46589,
        "Profit before tax": 62682,
        "Present corporate income tax expenses": "N/A",
        "Deferred income taxes expenses": "N/A",
        "The interests of minority shareholders": 1502,
        "Total Cost of profits": 1502,
        "Profit after tax corporate income": 53222,
        "Volume": 75500000,
        "Close of Quarter": 6.4,
        "EPS": 1726.5,
        "Non-adjusted EPS": 2089,
        "PE": 3.1,
        "Book Price": 25.5
      }
    },
    {
      "quarter": "Q4 2010",
      "income status": {
        "Net sales": 410721,
        "Cost of goods sold": 241651,
        "Gross Profit": 169069,
        "Financial expenses": "N/A",
        "Of which: Interest expense": "N/A",
        "Cost of sales": "N/A",
        "Enterprise cost management": 157929,
        "Total Operating Expenses": 157929,
        "Total revenue financing activities": "N/A",
        "Net profit from business activities": 11141,
        "Profit": 44612,
        "Profit before tax": 55753,
        "Present corporate income tax expenses": "N/A",
        "Deferred income taxes expenses": "N/A",
        "The interests of minority shareholders": 1284,
        "Total Cost of profits": 1284,
        "Profit after tax corporate income": 55701,
        "Volume": 75500000,
        "Close of Quarter": 7.6,
        "EPS": 1526.5,
        "Non-adjusted EPS": 1847,
        "PE": 4.1,
        "Book Price": 24.7
      }
    },
    {
      "quarter": "Q3 2010",
      "income status": {
        "Net sales": 367019,
        "Cost of goods sold": 256795,
        "Gross Profit": 110224,
        "Financial expenses": "N/A",
        "Of which: Interest expense": "N/A",
        "Cost of sales": "N/A",
        "Enterprise cost management": 110117,
        "Total Operating Expenses": 110117,
        "Total revenue financing activities": "N/A",
        "Net profit from business activities": 107,
        "Profit": 30228,
        "Profit before tax": 30335,
        "Present corporate income tax expenses": "N/A",
        "Deferred income taxes expenses": "N/A",
        "The interests of minority shareholders": 1357,
        "Total Cost of profits": 1357,
        "Profit after tax corporate income": 24676,
        "Volume": 75500000,
        "Close of Quarter": 8.2,
        "EPS": 1015.7,
        "Non-adjusted EPS": 1229,
        "PE": 6.7,
        "Book Price": 24.5
      }
    },
    {
      "quarter": "Q2 2010",
      "income status": {
        "Net sales": 350819,
        "Cost of goods sold": 234516,
        "Gross Profit": 116303,
        "Financial expenses": "N/A",
        "Of which: Interest expense": "N/A",
        "Cost of sales": "N/A",
        "Enterprise cost management": 118273,
        "Total Operating Expenses": 118273,
        "Total revenue financing activities": "N/A",
        "Net profit from business activities": -1970,
        "Profit": 37360,
        "Profit before tax": 35390,
        "Present corporate income tax expenses": "N/A",
        "Deferred income taxes expenses": "N/A",
        "The interests of minority shareholders": 1333,
        "Total Cost of profits": 1333,
        "Profit after tax corporate income": 24093,
        "Volume": 75500000,
        "Close of Quarter": 10.5,
        "EPS": 751.3,
        "Non-adjusted EPS": 909,
        "PE": 11.5,
        "Book Price": 24.1
      }
    },
    {
      "quarter": "Q1 2010",
      "income status": {
        "Net sales": 412819,
        "Cost of goods sold": 291259,
        "Gross Profit": 121560,
        "Financial expenses": "N/A",
        "Of which: Interest expense": "N/A",
        "Cost of sales": "N/A",
        "Enterprise cost management": 124696,
        "Total Operating Expenses": 124696,
        "Total revenue financing activities": "N/A",
        "Net profit from business activities": -3136,
        "Profit": 44498,
        "Profit before tax": 41361,
        "Present corporate income tax expenses": "N/A",
        "Deferred income taxes expenses": "N/A",
        "The interests of minority shareholders": 1153,
        "Total Cost of profits": 1153,
        "Profit after tax corporate income": 34998,
        "Volume": 75500000,
        "Close of Quarter": 9.4,
        "EPS": 567.8,
        "Non-adjusted EPS": 687,
        "PE": 13.6,
        "Book Price": 25.0
      }
    },
    {
      "quarter": "Q4 2009",
      "income status": {
        "Net sales": 370354,
        "Cost of goods sold": 60451,
        "Gross Profit": 370354,
        "Financial expenses": "N/A",
        "Of which: Interest expense": "N/A",
        "Cost of sales": "N/A",
        "Enterprise cost management": 124414,
        "Total Operating Expenses": 124414,
        "Total revenue financing activities": "N/A",
        "Net profit from business activities": 35875,
        "Profit": 1079,
        "Profit before tax": 81963,
        "Present corporate income tax expenses": "N/A",
        "Deferred income taxes expenses": "N/A",
        "The interests of minority shareholders": "N/A",
        "Total Cost of profits": 0,
        "Profit after tax corporate income": 8993,
        "Volume": 75500000,
        "Close of Quarter": 10.4,
        "EPS": 235.5,
        "Non-adjusted EPS": 285,
        "PE": 36.6,
        "Book Price": 24.8
      }
    },
    {
      "quarter": "Q3 2009",
      "income status": {
        "Net sales": 309040,
        "Cost of goods sold": 52890,
        "Gross Profit": 309040,
        "Financial expenses": "N/A",
        "Of which: Interest expense": "N/A",
        "Cost of sales": "N/A",
        "Enterprise cost management": 97677,
        "Total Operating Expenses": 97677,
        "Total revenue financing activities": "N/A",
        "Net profit from business activities": -53452,
        "Profit": 76,
        "Profit before tax": 12525,
        "Present corporate income tax expenses": "N/A",
        "Deferred income taxes expenses": "N/A",
        "The interests of minority shareholders": "N/A",
        "Total Cost of profits": 0,
        "Profit after tax corporate income": 575,
        "Volume": 75500000,
        "Close of Quarter": 13.6,
        "EPS": 164.5,
        "Non-adjusted EPS": 199,
        "PE": 68.4,
        "Book Price": 24.0
      }
    },
    {
      "quarter": "Q2 2009",
      "income status": {
        "Net sales": 326268,
        "Cost of goods sold": 61317,
        "Gross Profit": 326268,
        "Financial expenses": "N/A",
        "Of which: Interest expense": "N/A",
        "Cost of sales": "N/A",
        "Enterprise cost management": 98354,
        "Total Operating Expenses": 98354,
        "Total revenue financing activities": "N/A",
        "Net profit from business activities": -33146,
        "Profit": 495,
        "Profit before tax": 71871,
        "Present corporate income tax expenses": "N/A",
        "Deferred income taxes expenses": "N/A",
        "The interests of minority shareholders": "N/A",
        "Total Cost of profits": 0,
        "Profit after tax corporate income": 7306,
        "Volume": 75500000,
        "Close of Quarter": 13.1,
        "EPS": 244.6,
        "Non-adjusted EPS": 296,
        "PE": 44.1,
        "Book Price": 23.8
      }
    },
    {
      "quarter": "Q1 2009",
      "income status": {
        "Net sales": 356174,
        "Cost of goods sold": 44769,
        "Gross Profit": 356174,
        "Financial expenses": "N/A",
        "Of which: Interest expense": "N/A",
        "Cost of sales": "N/A",
        "Enterprise cost management": 90552,
        "Total Operating Expenses": 90552,
        "Total revenue financing activities": "N/A",
        "Net profit from business activities": -2938,
        "Profit": 58,
        "Profit before tax": 39722,
        "Present corporate income tax expenses": "N/A",
        "Deferred income taxes expenses": "N/A",
        "The interests of minority shareholders": "N/A",
        "Total Cost of profits": 0,
        "Profit after tax corporate income": 4628,
        "Volume": 75500000,
        "Close of Quarter": 7.5,
        "EPS": 164.5,
        "Non-adjusted EPS": 199,
        "PE": 37.9,
        "Book Price": 23.4
      }
    },
    {
      "quarter": "Q4 2008",
      "income status": {
        "Net sales": 387827,
        "Cost of goods sold": 75774,
        "Gross Profit": 387827,
        "Financial expenses": "N/A",
        "Of which: Interest expense": "N/A",
        "Cost of sales": 131,
        "Enterprise cost management": 80376,
        "Total Operating Expenses": 80507,
        "Total revenue financing activities": "N/A",
        "Net profit from business activities": -453,
        "Profit": 1133,
        "Profit before tax": 18499,
        "Present corporate income tax expenses": "N/A",
        "Deferred income taxes expenses": "N/A",
        "The interests of minority shareholders": "N/A",
        "Total Cost of profits": 0,
        "Profit after tax corporate income": 2502,
        "Volume": 75500000,
        "Close of Quarter": 7.5,
        "EPS": 114.1,
        "Non-adjusted EPS": 138,
        "PE": 54.4,
        "Book Price": 23.1
      }
    },
    {
      "quarter": "Q3 2008",
      "income status": {
        "Net sales": 325026,
        "Cost of goods sold": 40405,
        "Gross Profit": 325026,
        "Financial expenses": "N/A",
        "Of which: Interest expense": "N/A",
        "Cost of sales": 50,
        "Enterprise cost management": 131582,
        "Total Operating Expenses": 131632,
        "Total revenue financing activities": "N/A",
        "Net profit from business activities": -25173,
        "Profit": 271,
        "Profit before tax": 44964,
        "Present corporate income tax expenses": "N/A",
        "Deferred income taxes expenses": "N/A",
        "The interests of minority shareholders": "N/A",
        "Total Cost of profits": 0,
        "Profit after tax corporate income": 7882,
        "Volume": 75500000,
        "Close of Quarter": 11.7,
        "EPS": 86.0,
        "Non-adjusted EPS": 104,
        "PE": 112.8,
        "Book Price": 22.9
      }
    },
    {
      "quarter": "Q2 2008",
      "income status": {
        "Net sales": "N/A",
        "Cost of goods sold": "N/A",
        "Gross Profit": "N/A",
        "Financial expenses": "N/A",
        "Of which: Interest expense": "N/A",
        "Cost of sales": "N/A",
        "Enterprise cost management": "N/A",
        "Total Operating Expenses": 0,
        "Total revenue financing activities": "N/A",
        "Net profit from business activities": "N/A",
        "Profit": "N/A",
        "Profit before tax": "N/A",
        "Present corporate income tax expenses": "N/A",
        "Deferred income taxes expenses": "N/A",
        "The interests of minority shareholders": "N/A",
        "Total Cost of profits": 0,
        "Profit after tax corporate income": 0,
        "Volume": 75500000,
        "Close of Quarter": 9.4,
        "EPS": "N/A",
        "Non-adjusted EPS": " ",
        "PE": "N/A",
        "Book Price": 22.5
      }
    },
    {
      "quarter": "Q1 2008",
      "income status": {
        "Net sales": 4,
        "Cost of goods sold": 4,
        "Gross Profit": 4,
        "Financial expenses": "N/A",
        "Of which: Interest expense": "N/A",
        "Cost of sales": 6,
        "Enterprise cost management": 7,
        "Total Operating Expenses": 13,
        "Total revenue financing activities": "N/A",
        "Net profit from business activities": 1,
        "Profit": 4,
        "Profit before tax": 5,
        "Present corporate income tax expenses": "N/A",
        "Deferred income taxes expenses": "N/A",
        "The interests of minority shareholders": "N/A",
        "Total Cost of profits": 0,
        "Profit after tax corporate income": 6,
        "Volume": 75500000,
        "Close of Quarter": 19.8,
        "EPS": "",
        "Non-adjusted EPS": "N/A",
        "PE": "N/A",
        "Book Price": 22.9
      }
    }
  ]
}