{
  "ticker": "SSI",
  "data": [
    {
      "quarter": "Q1 2017",
      "income status": {
        "Net sales": 545187,
        "Cost of goods sold": 104518,
        "Gross Profit": "N/A",
        "Financial expenses": "N/A",
        "Of which: Interest expense": "N/A",
        "Cost of sales": "N/A",
        "Enterprise cost management": 31630,
        "Total Operating Expenses": 31630,
        "Total revenue financing activities": "N/A",
        "Net profit from business activities": "N/A",
        "Profit": "N/A",
        "Profit before tax": 364035,
        "Present corporate income tax expenses": 63108,
        "Deferred income taxes expenses": 70072,
        "The interests of minority shareholders": -656,
        "Total Cost of profits": 132524,
        "Profit after tax corporate income": 294619,
        "Volume": 490063684,
        "Close of Quarter": 23.9,
        "EPS": 2100,
        "Non-adjusted EPS": 2100,
        "PE": 11.4,
        "Book Price": 17.2
      }
    },
    {
      "quarter": "Q4 2016",
      "income status": {
        "Net sales": 583008,
        "Cost of goods sold": 387689,
        "Gross Profit": "N/A",
        "Financial expenses": "N/A",
        "Of which: Interest expense": "N/A",
        "Cost of sales": 107167,
        "Enterprise cost management": 37302,
        "Total Operating Expenses": 144469,
        "Total revenue financing activities": "N/A",
        "Net profit from business activities": 5621,
        "Profit": 8406,
        "Profit before tax": 107692,
        "Present corporate income tax expenses": 48339,
        "Deferred income taxes expenses": 16310,
        "The interests of minority shareholders": "N/A",
        "Total Cost of profits": 64649,
        "Profit after tax corporate income": 91382,
        "Volume": 480063684,
        "Close of Quarter": 19.6,
        "EPS": 1788.7,
        "Non-adjusted EPS": 1826,
        "PE": 10.7,
        "Book Price": 14.6
      }
    },
    {
      "quarter": "Q3 2016",
      "income status": {
        "Net sales": 688174,
        "Cost of goods sold": 162632,
        "Gross Profit": "N/A",
        "Financial expenses": "N/A",
        "Of which: Interest expense": "N/A",
        "Cost of sales": 50401,
        "Enterprise cost management": 35442,
        "Total Operating Expenses": 85843,
        "Total revenue financing activities": "N/A",
        "Net profit from business activities": 46688,
        "Profit": "N/A",
        "Profit before tax": 440270,
        "Present corporate income tax expenses": 79881,
        "Deferred income taxes expenses": 80614,
        "The interests of minority shareholders": -612,
        "Total Cost of profits": 159883,
        "Profit after tax corporate income": 360268,
        "Volume": 480063684,
        "Close of Quarter": 21.3,
        "EPS": 2135.5,
        "Non-adjusted EPS": 2180,
        "PE": 9.8,
        "Book Price": 15.2
      }
    },
    {
      "quarter": "Q2 2016",
      "income status": {
        "Net sales": 578223,
        "Cost of goods sold": 152148,
        "Gross Profit": "N/A",
        "Financial expenses": "N/A",
        "Of which: Interest expense": "N/A",
        "Cost of sales": 20358,
        "Enterprise cost management": 39348,
        "Total Operating Expenses": 59706,
        "Total revenue financing activities": "N/A",
        "Net profit from business activities": 17880,
        "Profit": 32516,
        "Profit before tax": 340219,
        "Present corporate income tax expenses": 63506,
        "Deferred income taxes expenses": 57664,
        "The interests of minority shareholders": -483,
        "Total Cost of profits": 120687,
        "Profit after tax corporate income": 283039,
        "Volume": 480063684,
        "Close of Quarter": 19.9,
        "EPS": 1690.8,
        "Non-adjusted EPS": 1726,
        "PE": 11.5,
        "Book Price": 14.4
      }
    },
    {
      "quarter": "Q1 2016",
      "income status": {
        "Net sales": 367364,
        "Cost of goods sold": 145172,
        "Gross Profit": "N/A",
        "Financial expenses": "N/A",
        "Of which: Interest expense": "N/A",
        "Cost of sales": 48268,
        "Enterprise cost management": 28501,
        "Total Operating Expenses": 76769,
        "Total revenue financing activities": "N/A",
        "Net profit from business activities": 47112,
        "Profit": "N/A",
        "Profit before tax": 168644,
        "Present corporate income tax expenses": 28978,
        "Deferred income taxes expenses": 27241,
        "The interests of minority shareholders": -329,
        "Total Cost of profits": 55890,
        "Profit after tax corporate income": 141732,
        "Volume": 480063684,
        "Close of Quarter": 20.2,
        "EPS": 1800.5,
        "Non-adjusted EPS": 1838,
        "PE": 11.0,
        "Book Price": 14.0
      }
    },
    {
      "quarter": "Q4 2015",
      "income status": {
        "Net sales": 373794,
        "Cost of goods sold": 117552,
        "Gross Profit": 256242,
        "Financial expenses": "N/A",
        "Of which: Interest expense": "N/A",
        "Cost of sales": "N/A",
        "Enterprise cost management": 4181,
        "Total Operating Expenses": 4181,
        "Total revenue financing activities": "N/A",
        "Net profit from business activities": 252061,
        "Profit": 810,
        "Profit before tax": 308864,
        "Present corporate income tax expenses": 78725,
        "Deferred income taxes expenses": 48123,
        "The interests of minority shareholders": -686,
        "Total Cost of profits": 126162,
        "Profit after tax corporate income": 261427,
        "Volume": 480063684,
        "Close of Quarter": 21.2,
        "EPS": 1738.8,
        "Non-adjusted EPS": 1775,
        "PE": 12.0,
        "Book Price": 13.7
      }
    },
    {
      "quarter": "Q3 2015",
      "income status": {
        "Net sales": 350579,
        "Cost of goods sold": 117324,
        "Gross Profit": 233255,
        "Financial expenses": "N/A",
        "Of which: Interest expense": "N/A",
        "Cost of sales": "N/A",
        "Enterprise cost management": 2768,
        "Total Operating Expenses": 2768,
        "Total revenue financing activities": "N/A",
        "Net profit from business activities": 230487,
        "Profit": 472,
        "Profit before tax": 185939,
        "Present corporate income tax expenses": 53812,
        "Deferred income taxes expenses": 43800,
        "The interests of minority shareholders": -351,
        "Total Cost of profits": 97261,
        "Profit after tax corporate income": 142490,
        "Volume": 427332799,
        "Close of Quarter": 22.5,
        "EPS": 1410.9,
        "Non-adjusted EPS": 1618,
        "PE": 13.9,
        "Book Price": 13.1
      }
    },
    {
      "quarter": "Q2 2015",
      "income status": {
        "Net sales": 326949,
        "Cost of goods sold": -58676,
        "Gross Profit": 385625,
        "Financial expenses": "N/A",
        "Of which: Interest expense": "N/A",
        "Cost of sales": "N/A",
        "Enterprise cost management": 3384,
        "Total Operating Expenses": 3384,
        "Total revenue financing activities": "N/A",
        "Net profit from business activities": 382241,
        "Profit": 3373,
        "Profit before tax": 415574,
        "Present corporate income tax expenses": 22211,
        "Deferred income taxes expenses": 79460,
        "The interests of minority shareholders": -424,
        "Total Cost of profits": 101247,
        "Profit after tax corporate income": 336538,
        "Volume": 427332799,
        "Close of Quarter": 21.1,
        "EPS": 1503.3,
        "Non-adjusted EPS": 1724,
        "PE": 12.2,
        "Book Price": 12.7
      }
    },
    {
      "quarter": "Q1 2015",
      "income status": {
        "Net sales": 281556,
        "Cost of goods sold": 139474,
        "Gross Profit": 142083,
        "Financial expenses": "N/A",
        "Of which: Interest expense": "N/A",
        "Cost of sales": "N/A",
        "Enterprise cost management": 2738,
        "Total Operating Expenses": 2738,
        "Total revenue financing activities": "N/A",
        "Net profit from business activities": 139345,
        "Profit": 383,
        "Profit before tax": 153759,
        "Present corporate income tax expenses": 47055,
        "Deferred income taxes expenses": 42555,
        "The interests of minority shareholders": -245,
        "Total Cost of profits": 89365,
        "Profit after tax corporate income": 111450,
        "Volume": 356111742,
        "Close of Quarter": 17.5,
        "EPS": 1389.4,
        "Non-adjusted EPS": 1912,
        "PE": 9.2,
        "Book Price": "N/A"
      }
    },
    {
      "quarter": "Q4 2014",
      "income status": {
        "Net sales": 277967,
        "Cost of goods sold": 248427,
        "Gross Profit": 29539,
        "Financial expenses": "N/A",
        "Of which: Interest expense": "N/A",
        "Cost of sales": "N/A",
        "Enterprise cost management": 5564,
        "Total Operating Expenses": 5564,
        "Total revenue financing activities": "N/A",
        "Net profit from business activities": 23976,
        "Profit": 50489,
        "Profit before tax": 114886,
        "Present corporate income tax expenses": 22165,
        "Deferred income taxes expenses": 14671,
        "The interests of minority shareholders": -584,
        "Total Cost of profits": 36252,
        "Profit after tax corporate income": 100799,
        "Volume": 353794942,
        "Close of Quarter": 19.9,
        "EPS": 1519.7,
        "Non-adjusted EPS": 2105,
        "PE": 9.5,
        "Book Price": 11.8
      }
    },
    {
      "quarter": "Q3 2014",
      "income status": {
        "Net sales": 417900,
        "Cost of goods sold": 195504,
        "Gross Profit": 222396,
        "Financial expenses": "N/A",
        "Of which: Interest expense": "N/A",
        "Cost of sales": "N/A",
        "Enterprise cost management": 2758,
        "Total Operating Expenses": 2758,
        "Total revenue financing activities": "N/A",
        "Net profit from business activities": 219638,
        "Profit": 747,
        "Profit before tax": 234067,
        "Present corporate income tax expenses": 71731,
        "Deferred income taxes expenses": 45766,
        "The interests of minority shareholders": 430,
        "Total Cost of profits": 117927,
        "Profit after tax corporate income": 187871,
        "Volume": 353794942,
        "Close of Quarter": 22.4,
        "EPS": 1451.8,
        "Non-adjusted EPS": 2011,
        "PE": 11.1,
        "Book Price": 11.6
      }
    },
    {
      "quarter": "Q2 2014",
      "income status": {
        "Net sales": 492851,
        "Cost of goods sold": 149501,
        "Gross Profit": 343349,
        "Financial expenses": "N/A",
        "Of which: Interest expense": "N/A",
        "Cost of sales": "N/A",
        "Enterprise cost management": 3423,
        "Total Operating Expenses": 3423,
        "Total revenue financing activities": "N/A",
        "Net profit from business activities": 339926,
        "Profit": 1185,
        "Profit before tax": 348629,
        "Present corporate income tax expenses": 65786,
        "Deferred income taxes expenses": 67549,
        "The interests of minority shareholders": 153,
        "Total Cost of profits": 133488,
        "Profit after tax corporate income": 280927,
        "Volume": 353794942,
        "Close of Quarter": 18.1,
        "EPS": 1261.2,
        "Non-adjusted EPS": 1747,
        "PE": 10.4,
        "Book Price": 11.1
      }
    },
    {
      "quarter": "Q1 2014",
      "income status": {
        "Net sales": 375793,
        "Cost of goods sold": 96395,
        "Gross Profit": 279398,
        "Financial expenses": "N/A",
        "Of which: Interest expense": "N/A",
        "Cost of sales": "N/A",
        "Enterprise cost management": 3015,
        "Total Operating Expenses": 3015,
        "Total revenue financing activities": "N/A",
        "Net profit from business activities": 276383,
        "Profit": 1229,
        "Profit before tax": 230259,
        "Present corporate income tax expenses": 58906,
        "Deferred income taxes expenses": 55159,
        "The interests of minority shareholders": -134,
        "Total Cost of profits": 113931,
        "Profit after tax corporate income": 175233,
        "Volume": 353794942,
        "Close of Quarter": 20.8,
        "EPS": 882.9,
        "Non-adjusted EPS": 1223,
        "PE": 17.0,
        "Book Price": 11.2
      }
    },
    {
      "quarter": "Q4 2013",
      "income status": {
        "Net sales": 204437,
        "Cost of goods sold": 124966,
        "Gross Profit": 79471,
        "Financial expenses": "N/A",
        "Of which: Interest expense": "N/A",
        "Cost of sales": "N/A",
        "Enterprise cost management": 3764,
        "Total Operating Expenses": 3764,
        "Total revenue financing activities": "N/A",
        "Net profit from business activities": 75707,
        "Profit": 11243,
        "Profit before tax": 89057,
        "Present corporate income tax expenses": 26437,
        "Deferred income taxes expenses": 21944,
        "The interests of minority shareholders": -472,
        "Total Cost of profits": 47909,
        "Profit after tax corporate income": 67585,
        "Volume": 353794942,
        "Close of Quarter": 12.6,
        "EPS": 853.3,
        "Non-adjusted EPS": 1182,
        "PE": 10.6,
        "Book Price": 11.1
      }
    },
    {
      "quarter": "Q3 2013",
      "income status": {
        "Net sales": 177147,
        "Cost of goods sold": 86259,
        "Gross Profit": 90889,
        "Financial expenses": "N/A",
        "Of which: Interest expense": "N/A",
        "Cost of sales": "N/A",
        "Enterprise cost management": 2595,
        "Total Operating Expenses": 2595,
        "Total revenue financing activities": "N/A",
        "Net profit from business activities": 88293,
        "Profit": 18813,
        "Profit before tax": 118530,
        "Present corporate income tax expenses": 11287,
        "Deferred income taxes expenses": 24237,
        "The interests of minority shareholders": 89,
        "Total Cost of profits": 35613,
        "Profit after tax corporate income": 94204,
        "Volume": 353794942,
        "Close of Quarter": 11.6,
        "EPS": 1051.1,
        "Non-adjusted EPS": 1456,
        "PE": 8.0,
        "Book Price": 10.9
      }
    },
    {
      "quarter": "Q2 2013",
      "income status": {
        "Net sales": 178631,
        "Cost of goods sold": 110954,
        "Gross Profit": 67677,
        "Financial expenses": "N/A",
        "Of which: Interest expense": "N/A",
        "Cost of sales": "N/A",
        "Enterprise cost management": 3176,
        "Total Operating Expenses": 3176,
        "Total revenue financing activities": "N/A",
        "Net profit from business activities": 64501,
        "Profit": 16582,
        "Profit before tax": 110560,
        "Present corporate income tax expenses": 13301,
        "Deferred income taxes expenses": 14693,
        "The interests of minority shareholders": 101,
        "Total Cost of profits": 28095,
        "Profit after tax corporate income": 95767,
        "Volume": 353794942,
        "Close of Quarter": 11.6,
        "EPS": 950.8,
        "Non-adjusted EPS": 1317,
        "PE": 8.8,
        "Book Price": 10.8
      }
    },
    {
      "quarter": "Q1 2013",
      "income status": {
        "Net sales": 166729,
        "Cost of goods sold": 64297,
        "Gross Profit": 102431,
        "Financial expenses": "N/A",
        "Of which: Interest expense": "N/A",
        "Cost of sales": "N/A",
        "Enterprise cost management": 2488,
        "Total Operating Expenses": 2488,
        "Total revenue financing activities": "N/A",
        "Net profit from business activities": 99944,
        "Profit": 16360,
        "Profit before tax": 187686,
        "Present corporate income tax expenses": 37356,
        "Deferred income taxes expenses": -9732,
        "The interests of minority shareholders": -428,
        "Total Cost of profits": 27196,
        "Profit after tax corporate income": 160490,
        "Volume": 353794942,
        "Close of Quarter": 11.6,
        "EPS": 897.4,
        "Non-adjusted EPS": 1243,
        "PE": 9.3,
        "Book Price": 11.0
      }
    },
    {
      "quarter": "Q4 2012",
      "income status": {
        "Net sales": 272915,
        "Cost of goods sold": 120794,
        "Gross Profit": 152121,
        "Financial expenses": "N/A",
        "Of which: Interest expense": "N/A",
        "Cost of sales": "N/A",
        "Enterprise cost management": 4752,
        "Total Operating Expenses": 4752,
        "Total revenue financing activities": "N/A",
        "Net profit from business activities": 147369,
        "Profit": 171,
        "Profit before tax": 164561,
        "Present corporate income tax expenses": 4831,
        "Deferred income taxes expenses": -4677,
        "The interests of minority shareholders": -94,
        "Total Cost of profits": 60,
        "Profit after tax corporate income": 164502,
        "Volume": 352611742,
        "Close of Quarter": 10.8,
        "EPS": 947.6,
        "Non-adjusted EPS": 1317,
        "PE": 8.2,
        "Book Price": 10.6
      }
    },
    {
      "quarter": "Q3 2012",
      "income status": {
        "Net sales": 181134,
        "Cost of goods sold": 129990,
        "Gross Profit": 51145,
        "Financial expenses": "N/A",
        "Of which: Interest expense": "N/A",
        "Cost of sales": "N/A",
        "Enterprise cost management": 8291,
        "Total Operating Expenses": 8291,
        "Total revenue financing activities": "N/A",
        "Net profit from business activities": 42854,
        "Profit": 2,
        "Profit before tax": 59666,
        "Present corporate income tax expenses": 1944,
        "Deferred income taxes expenses": 11184,
        "The interests of minority shareholders": 1233,
        "Total Cost of profits": 14361,
        "Profit after tax corporate income": 45305,
        "Volume": 352611742,
        "Close of Quarter": 10.1,
        "EPS": 808.7,
        "Non-adjusted EPS": 1124,
        "PE": 9.0,
        "Book Price": 10.3
      }
    },
    {
      "quarter": "Q2 2012",
      "income status": {
        "Net sales": 230821,
        "Cost of goods sold": 202379,
        "Gross Profit": 28442,
        "Financial expenses": "N/A",
        "Of which: Interest expense": "N/A",
        "Cost of sales": "N/A",
        "Enterprise cost management": 2980,
        "Total Operating Expenses": 2980,
        "Total revenue financing activities": "N/A",
        "Net profit from business activities": 25462,
        "Profit": 3232,
        "Profit before tax": 57903,
        "Present corporate income tax expenses": 39425,
        "Deferred income taxes expenses": -50861,
        "The interests of minority shareholders": -48,
        "Total Cost of profits": -11484,
        "Profit after tax corporate income": 69387,
        "Volume": 352611742,
        "Close of Quarter": 12.9,
        "EPS": 887.2,
        "Non-adjusted EPS": 1233,
        "PE": 10.4,
        "Book Price": 10.2
      }
    },
    {
      "quarter": "Q1 2012",
      "income status": {
        "Net sales": 164424,
        "Cost of goods sold": 1361,
        "Gross Profit": 163063,
        "Financial expenses": "N/A",
        "Of which: Interest expense": "N/A",
        "Cost of sales": "N/A",
        "Enterprise cost management": 1968,
        "Total Operating Expenses": 1968,
        "Total revenue financing activities": "N/A",
        "Net profit from business activities": 161094,
        "Profit": 1015,
        "Profit before tax": 205129,
        "Present corporate income tax expenses": 36364,
        "Deferred income taxes expenses": -16443,
        "The interests of minority shareholders": 101,
        "Total Cost of profits": 20022,
        "Profit after tax corporate income": 185106,
        "Volume": 352611742,
        "Close of Quarter": 11.4,
        "EPS": 749.0,
        "Non-adjusted EPS": 1041,
        "PE": 10.9,
        "Book Price": 10.7
      }
    },
    {
      "quarter": "Q4 2011",
      "income status": {
        "Net sales": 161884,
        "Cost of goods sold": 44373,
        "Gross Profit": 117511,
        "Financial expenses": "N/A",
        "Of which: Interest expense": "N/A",
        "Cost of sales": "N/A",
        "Enterprise cost management": 14826,
        "Total Operating Expenses": 14826,
        "Total revenue financing activities": "N/A",
        "Net profit from business activities": 102686,
        "Profit": -435,
        "Profit before tax": 126604,
        "Present corporate income tax expenses": -3079,
        "Deferred income taxes expenses": 31197,
        "The interests of minority shareholders": -890,
        "Total Cost of profits": 27228,
        "Profit after tax corporate income": 96531,
        "Volume": 351111742,
        "Close of Quarter": 8.5,
        "EPS": 163.4,
        "Non-adjusted EPS": 228,
        "PE": 37.2,
        "Book Price": 10.4
      }
    },
    {
      "quarter": "Q3 2011",
      "income status": {
        "Net sales": 208946,
        "Cost of goods sold": 116673,
        "Gross Profit": 92273,
        "Financial expenses": "N/A",
        "Of which: Interest expense": "N/A",
        "Cost of sales": "N/A",
        "Enterprise cost management": 1996,
        "Total Operating Expenses": 1996,
        "Total revenue financing activities": "N/A",
        "Net profit from business activities": 90278,
        "Profit": 99,
        "Profit before tax": 90946,
        "Present corporate income tax expenses": 2081,
        "Deferred income taxes expenses": 4957,
        "The interests of minority shareholders": "N/A",
        "Total Cost of profits": 7038,
        "Profit after tax corporate income": 83908,
        "Volume": 351111742,
        "Close of Quarter": 12.1,
        "EPS": 207.8,
        "Non-adjusted EPS": 290,
        "PE": 41.6,
        "Book Price": 10.2
      }
    },
    {
      "quarter": "Q2 2011",
      "income status": {
        "Net sales": 245090,
        "Cost of goods sold": 218859,
        "Gross Profit": 26230,
        "Financial expenses": "N/A",
        "Of which: Interest expense": "N/A",
        "Cost of sales": "N/A",
        "Enterprise cost management": 8662,
        "Total Operating Expenses": 8662,
        "Total revenue financing activities": "N/A",
        "Net profit from business activities": 17569,
        "Profit": 119,
        "Profit before tax": 11068,
        "Present corporate income tax expenses": 2308,
        "Deferred income taxes expenses": 5989,
        "The interests of minority shareholders": 3681,
        "Total Cost of profits": 11978,
        "Profit after tax corporate income": 1398,
        "Volume": 351111742,
        "Close of Quarter": 10.4,
        "EPS": 331.7,
        "Non-adjusted EPS": 463,
        "PE": 22.4,
        "Book Price": 10.0
      }
    },
    {
      "quarter": "Q1 2011",
      "income status": {
        "Net sales": 232122,
        "Cost of goods sold": 276868,
        "Gross Profit": -44745,
        "Financial expenses": "N/A",
        "Of which: Interest expense": "N/A",
        "Cost of sales": "N/A",
        "Enterprise cost management": 2456,
        "Total Operating Expenses": 2456,
        "Total revenue financing activities": "N/A",
        "Net profit from business activities": -47202,
        "Profit": 91,
        "Profit before tax": -99170,
        "Present corporate income tax expenses": 2627,
        "Deferred income taxes expenses": 2705,
        "The interests of minority shareholders": 78,
        "Total Cost of profits": 5410,
        "Profit after tax corporate income": -101954,
        "Volume": 351111742,
        "Close of Quarter": 13.2,
        "EPS": 641.2,
        "Non-adjusted EPS": 895,
        "PE": 14.7,
        "Book Price": 10.8
      }
    },
    {
      "quarter": "Q4 2010",
      "income status": {
        "Net sales": 322041,
        "Cost of goods sold": 203731,
        "Gross Profit": 118309,
        "Financial expenses": "N/A",
        "Of which: Interest expense": "N/A",
        "Cost of sales": "N/A",
        "Enterprise cost management": 3134,
        "Total Operating Expenses": 3134,
        "Total revenue financing activities": "N/A",
        "Net profit from business activities": 115176,
        "Profit": 747,
        "Profit before tax": 149415,
        "Present corporate income tax expenses": 16406,
        "Deferred income taxes expenses": 31066,
        "The interests of minority shareholders": "N/A",
        "Total Cost of profits": 47472,
        "Profit after tax corporate income": 118349,
        "Volume": 351111742,
        "Close of Quarter": 18.8,
        "EPS": 1401.4,
        "Non-adjusted EPS": 1956,
        "PE": 9.6,
        "Book Price": 11.2
      }
    },
    {
      "quarter": "Q3 2010",
      "income status": {
        "Net sales": 349954,
        "Cost of goods sold": 125850,
        "Gross Profit": 224103,
        "Financial expenses": "N/A",
        "Of which: Interest expense": "N/A",
        "Cost of sales": "N/A",
        "Enterprise cost management": 2253,
        "Total Operating Expenses": 2253,
        "Total revenue financing activities": "N/A",
        "Net profit from business activities": 221850,
        "Profit": -640,
        "Profit before tax": 194434,
        "Present corporate income tax expenses": 44557,
        "Deferred income taxes expenses": 48269,
        "The interests of minority shareholders": 1357,
        "Total Cost of profits": 94183,
        "Profit after tax corporate income": 144808,
        "Volume": 351111742,
        "Close of Quarter": 15.8,
        "EPS": 1706.6,
        "Non-adjusted EPS": 2382,
        "PE": 6.6,
        "Book Price": 10.9
      }
    },
    {
      "quarter": "Q2 2010",
      "income status": {
        "Net sales": 381303,
        "Cost of goods sold": 173512,
        "Gross Profit": 207791,
        "Financial expenses": "N/A",
        "Of which: Interest expense": "N/A",
        "Cost of sales": "N/A",
        "Enterprise cost management": 1954,
        "Total Operating Expenses": 1954,
        "Total revenue financing activities": "N/A",
        "Net profit from business activities": 205837,
        "Profit": 48,
        "Profit before tax": 199072,
        "Present corporate income tax expenses": 51421,
        "Deferred income taxes expenses": 46121,
        "The interests of minority shareholders": "N/A",
        "Total Cost of profits": 97542,
        "Profit after tax corporate income": 152952,
        "Volume": 351111742,
        "Close of Quarter": 20.2,
        "EPS": 2025.4,
        "Non-adjusted EPS": 2827,
        "PE": 7.1,
        "Book Price": 10.6
      }
    },
    {
      "quarter": "Q1 2010",
      "income status": {
        "Net sales": 450069,
        "Cost of goods sold": 89232,
        "Gross Profit": 360837,
        "Financial expenses": "N/A",
        "Of which: Interest expense": "N/A",
        "Cost of sales": "N/A",
        "Enterprise cost management": 3804,
        "Total Operating Expenses": 3804,
        "Total revenue financing activities": "N/A",
        "Net profit from business activities": 357033,
        "Profit": 32,
        "Profit before tax": 359898,
        "Present corporate income tax expenses": "N/A",
        "Deferred income taxes expenses": 89201,
        "The interests of minority shareholders": "N/A",
        "Total Cost of profits": 89201,
        "Profit after tax corporate income": 270697,
        "Volume": 175555871,
        "Close of Quarter": 25.0,
        "EPS": 2131.5,
        "Non-adjusted EPS": 5950,
        "PE": 4.2,
        "Book Price": 10.9
      }
    },
    {
      "quarter": "Q4 2009",
      "income status": {
        "Net sales": 462155,
        "Cost of goods sold": 89232,
        "Gross Profit": 285564,
        "Financial expenses": "N/A",
        "Of which: Interest expense": "N/A",
        "Cost of sales": "N/A",
        "Enterprise cost management": 1788,
        "Total Operating Expenses": 1788,
        "Total revenue financing activities": "N/A",
        "Net profit from business activities": 283776,
        "Profit": 35,
        "Profit before tax": 306643,
        "Present corporate income tax expenses": "N/A",
        "Deferred income taxes expenses": 38744,
        "The interests of minority shareholders": "N/A",
        "Total Cost of profits": 38744,
        "Profit after tax corporate income": 267899,
        "Volume": 136666800,
        "Close of Quarter": 24.4,
        "EPS": 1640.9,
        "Non-adjusted EPS": 5884,
        "PE": 4.2,
        "Book Price": 9.6
      }
    },
    {
      "quarter": "Q3 2009",
      "income status": {
        "Net sales": 355534,
        "Cost of goods sold": 176591,
        "Gross Profit": 333240,
        "Financial expenses": "N/A",
        "Of which: Interest expense": "N/A",
        "Cost of sales": "N/A",
        "Enterprise cost management": 2727,
        "Total Operating Expenses": 2727,
        "Total revenue financing activities": "N/A",
        "Net profit from business activities": 330513,
        "Profit": 26,
        "Profit before tax": 366850,
        "Present corporate income tax expenses": "N/A",
        "Deferred income taxes expenses": 65914,
        "The interests of minority shareholders": "N/A",
        "Total Cost of profits": 65914,
        "Profit after tax corporate income": 300937,
        "Volume": 136666800,
        "Close of Quarter": 23.7,
        "EPS": 1133.1,
        "Non-adjusted EPS": 4063,
        "PE": 5.8,
        "Book Price": 9.7
      }
    },
    {
      "quarter": "Q2 2009",
      "income status": {
        "Net sales": 198935,
        "Cost of goods sold": -21661,
        "Gross Profit": 218849,
        "Financial expenses": "N/A",
        "Of which: Interest expense": 58,
        "Cost of sales": "N/A",
        "Enterprise cost management": "N/A",
        "Total Operating Expenses": 0,
        "Total revenue financing activities": "N/A",
        "Net profit from business activities": 218849,
        "Profit": -60,
        "Profit before tax": 246186,
        "Present corporate income tax expenses": "N/A",
        "Deferred income taxes expenses": 41217,
        "The interests of minority shareholders": "N/A",
        "Total Cost of profits": 41217,
        "Profit after tax corporate income": 204969,
        "Volume": 133666800,
        "Close of Quarter": 18.3,
        "EPS": 1050.9,
        "Non-adjusted EPS": 3853,
        "PE": 4.7,
        "Book Price": 8.5
      }
    },
    {
      "quarter": "Q1 2009",
      "income status": {
        "Net sales": 104902,
        "Cost of goods sold": 56250,
        "Gross Profit": 48652,
        "Financial expenses": "N/A",
        "Of which: Interest expense": 5,
        "Cost of sales": "N/A",
        "Enterprise cost management": "N/A",
        "Total Operating Expenses": 0,
        "Total revenue financing activities": "N/A",
        "Net profit from business activities": 48652,
        "Profit": 33,
        "Profit before tax": 36032,
        "Present corporate income tax expenses": "N/A",
        "Deferred income taxes expenses": 5757,
        "The interests of minority shareholders": "N/A",
        "Total Cost of profits": 5757,
        "Profit after tax corporate income": 30275,
        "Volume": 133666800,
        "Close of Quarter": 7.9,
        "EPS": 632.8,
        "Non-adjusted EPS": 2320,
        "PE": 3.4,
        "Book Price": 8.1
      }
    },
    {
      "quarter": "Q4 2008",
      "income status": {
        "Net sales": 190020,
        "Cost of goods sold": 226284,
        "Gross Profit": 43043,
        "Financial expenses": "N/A",
        "Of which: Interest expense": "N/A",
        "Cost of sales": "N/A",
        "Enterprise cost management": "N/A",
        "Total Operating Expenses": 0,
        "Total revenue financing activities": "N/A",
        "Net profit from business activities": 43043,
        "Profit": 92,
        "Profit before tax": 21210,
        "Present corporate income tax expenses": "N/A",
        "Deferred income taxes expenses": 2150,
        "The interests of minority shareholders": "N/A",
        "Total Cost of profits": 2150,
        "Profit after tax corporate income": 19060,
        "Volume": 134918569,
        "Close of Quarter": 8.2,
        "EPS": 571.0,
        "Non-adjusted EPS": 2074,
        "PE": 4.0,
        "Book Price": 7.8
      }
    },
    {
      "quarter": "Q3 2008",
      "income status": {
        "Net sales": 354031,
        "Cost of goods sold": 169785,
        "Gross Profit": 247453,
        "Financial expenses": "N/A",
        "Of which: Interest expense": "N/A",
        "Cost of sales": "N/A",
        "Enterprise cost management": "N/A",
        "Total Operating Expenses": 0,
        "Total revenue financing activities": "N/A",
        "Net profit from business activities": 247453,
        "Profit": 34323,
        "Profit before tax": 281775,
        "Present corporate income tax expenses": "N/A",
        "Deferred income taxes expenses": 21036,
        "The interests of minority shareholders": "N/A",
        "Total Cost of profits": 21036,
        "Profit after tax corporate income": 260740,
        "Volume": 134918569,
        "Close of Quarter": 14.9,
        "EPS": 1275.8,
        "Non-adjusted EPS": 4634,
        "PE": 3.2,
        "Book Price": 8.0
      }
    },
    {
      "quarter": "Q2 2008",
      "income status": {
        "Net sales": 8,
        "Cost of goods sold": "N/A",
        "Gross Profit": 76,
        "Financial expenses": "N/A",
        "Of which: Interest expense": "N/A",
        "Cost of sales": "N/A",
        "Enterprise cost management": 55,
        "Total Operating Expenses": 55,
        "Total revenue financing activities": "N/A",
        "Net profit from business activities": 7,
        "Profit": 6,
        "Profit before tax": 8,
        "Present corporate income tax expenses": "N/A",
        "Deferred income taxes expenses": 7,
        "The interests of minority shareholders": "N/A",
        "Total Cost of profits": 7,
        "Profit after tax corporate income": 5,
        "Volume": 136666800,
        "Close of Quarter": 8.8,
        "EPS": 1082.0,
        "Non-adjusted EPS": 3880,
        "PE": 2.3,
        "Book Price": 7.5
      }
    },
    {
      "quarter": "Q1 2008",
      "income status": {
        "Net sales": 3,
        "Cost of goods sold": 5,
        "Gross Profit": 6,
        "Financial expenses": "N/A",
        "Of which: Interest expense": "N/A",
        "Cost of sales": "N/A",
        "Enterprise cost management": 7,
        "Total Operating Expenses": 7,
        "Total revenue financing activities": "N/A",
        "Net profit from business activities": 8,
        "Profit": 2,
        "Profit before tax": 3,
        "Present corporate income tax expenses": "N/A",
        "Deferred income taxes expenses": 4,
        "The interests of minority shareholders": "N/A",
        "Total Cost of profits": 4,
        "Profit after tax corporate income": 5,
        "Volume": 136666800,
        "Close of Quarter": 14.9,
        "EPS": 1671.3,
        "Non-adjusted EPS": 5993,
        "PE": 2.5,
        "Book Price": 8.5
      }
    },
    {
      "quarter": "Q4 2007",
      "income status": {
        "Net sales": 211981,
        "Cost of goods sold": "N/A",
        "Gross Profit": 119260,
        "Financial expenses": "N/A",
        "Of which: Interest expense": "N/A",
        "Cost of sales": "N/A",
        "Enterprise cost management": 201,
        "Total Operating Expenses": 201,
        "Total revenue financing activities": "N/A",
        "Net profit from business activities": 119059,
        "Profit": -55,
        "Profit before tax": -150220,
        "Present corporate income tax expenses": "N/A",
        "Deferred income taxes expenses": "N/A",
        "The interests of minority shareholders": -257324,
        "Total Cost of profits": -257324,
        "Profit after tax corporate income": 364428,
        "Volume": 80000000,
        "Close of Quarter": 44.2,
        "EPS": 3385.0,
        "Non-adjusted EPS": 20736,
        "PE": 2.1,
        "Book Price": 8.3
      }
    },
    {
      "quarter": "Q3 2007",
      "income status": {
        "Net sales": 140993,
        "Cost of goods sold": "N/A",
        "Gross Profit": 92353,
        "Financial expenses": "N/A",
        "Of which: Interest expense": "N/A",
        "Cost of sales": "N/A",
        "Enterprise cost management": 460,
        "Total Operating Expenses": 460,
        "Total revenue financing activities": "N/A",
        "Net profit from business activities": 91893,
        "Profit": 76,
        "Profit before tax": "N/A",
        "Present corporate income tax expenses": "N/A",
        "Deferred income taxes expenses": "N/A",
        "The interests of minority shareholders": -82902,
        "Total Cost of profits": -82902,
        "Profit after tax corporate income": 165804,
        "Volume": 80000000,
        "Close of Quarter": 35.6,
        "EPS": 2641.5,
        "Non-adjusted EPS": 16181,
        "PE": 2.2,
        "Book Price": 8.2
      }
    },
    {
      "quarter": "Q2 2007",
      "income status": {
        "Net sales": 259269,
        "Cost of goods sold": "N/A",
        "Gross Profit": 226462,
        "Financial expenses": "N/A",
        "Of which: Interest expense": "N/A",
        "Cost of sales": "N/A",
        "Enterprise cost management": 180,
        "Total Operating Expenses": 180,
        "Total revenue financing activities": "N/A",
        "Net profit from business activities": 226282,
        "Profit": 204,
        "Profit before tax": 119004,
        "Present corporate income tax expenses": "N/A",
        "Deferred income taxes expenses": "N/A",
        "The interests of minority shareholders": -84871,
        "Total Cost of profits": -84871,
        "Profit after tax corporate income": 288746,
        "Volume": 50000000,
        "Close of Quarter": 26.9,
        "EPS": 2303.1,
        "Non-adjusted EPS": 22573,
        "PE": 1.2,
        "Book Price": 3.8
      }
    },
    {
      "quarter": "Q1 2007",
      "income status": {
        "Net sales": 573054,
        "Cost of goods sold": "N/A",
        "Gross Profit": 516542,
        "Financial expenses": "N/A",
        "Of which: Interest expense": "N/A",
        "Cost of sales": "N/A",
        "Enterprise cost management": 256,
        "Total Operating Expenses": 256,
        "Total revenue financing activities": "N/A",
        "Net profit from business activities": 516287,
        "Profit": 12,
        "Profit before tax": 90671,
        "Present corporate income tax expenses": "N/A",
        "Deferred income taxes expenses": "N/A",
        "The interests of minority shareholders": -374612,
        "Total Cost of profits": -374612,
        "Profit after tax corporate income": 839895,
        "Volume": 50000000,
        "Close of Quarter": 29.7,
        "EPS": 1713.9,
        "Non-adjusted EPS": 16798,
        "PE": 1.8,
        "Book Price": 3.5
      }
    }
  ]
}