{
  "ticker": "VNR",
  "data": [
    {
      "quarter": "Q1 2017",
      "income status": {
        "Net sales": 295424,
        "Cost of goods sold": 274024,
        "Gross Profit": 21400,
        "Financial expenses": "N/A",
        "Of which: Interest expense": "N/A",
        "Cost of sales": "N/A",
        "Enterprise cost management": 10298,
        "Total Operating Expenses": 10298,
        "Total revenue financing activities": "N/A",
        "Net profit from business activities": 11102,
        "Profit": 59814,
        "Profit before tax": 70916,
        "Present corporate income tax expenses": "N/A",
        "Deferred income taxes expenses": "N/A",
        "The interests of minority shareholders": -191,
        "Total Cost of profits": -191,
        "Profit after tax corporate income": 60687,
        "Volume": 131075937,
        "Close of Quarter": 24.2,
        "EPS": 1907,
        "Non-adjusted EPS": 1907,
        "PE": 12.7,
        "Book Price": 20.1
      }
    },
    {
      "quarter": "Q4 2016",
      "income status": {
        "Net sales": 139968,
        "Cost of goods sold": 98776,
        "Gross Profit": 41193,
        "Financial expenses": "N/A",
        "Of which: Interest expense": "N/A",
        "Cost of sales": "N/A",
        "Enterprise cost management": 25928,
        "Total Operating Expenses": 25928,
        "Total revenue financing activities": "N/A",
        "Net profit from business activities": 15265,
        "Profit": 64065,
        "Profit before tax": 79330,
        "Present corporate income tax expenses": "N/A",
        "Deferred income taxes expenses": "N/A",
        "The interests of minority shareholders": 535,
        "Total Cost of profits": 535,
        "Profit after tax corporate income": 66319,
        "Volume": 131075937,
        "Close of Quarter": 20.2,
        "EPS": 1829,
        "Non-adjusted EPS": 1829,
        "PE": 11.0,
        "Book Price": 20.9
      }
    },
    {
      "quarter": "Q3 2016",
      "income status": {
        "Net sales": 318680,
        "Cost of goods sold": 287678,
        "Gross Profit": 31002,
        "Financial expenses": "N/A",
        "Of which: Interest expense": "N/A",
        "Cost of sales": "N/A",
        "Enterprise cost management": 24711,
        "Total Operating Expenses": 24711,
        "Total revenue financing activities": "N/A",
        "Net profit from business activities": 6292,
        "Profit": 68458,
        "Profit before tax": 74750,
        "Present corporate income tax expenses": "N/A",
        "Deferred income taxes expenses": "N/A",
        "The interests of minority shareholders": -141,
        "Total Cost of profits": -141,
        "Profit after tax corporate income": 62371,
        "Volume": 131075937,
        "Close of Quarter": 21.0,
        "EPS": 1703,
        "Non-adjusted EPS": 1703,
        "PE": 12.4,
        "Book Price": 20.4
      }
    },
    {
      "quarter": "Q2 2016",
      "income status": {
        "Net sales": 212345,
        "Cost of goods sold": 168273,
        "Gross Profit": 44072,
        "Financial expenses": "N/A",
        "Of which: Interest expense": "N/A",
        "Cost of sales": "N/A",
        "Enterprise cost management": 20288,
        "Total Operating Expenses": 20288,
        "Total revenue financing activities": "N/A",
        "Net profit from business activities": 23784,
        "Profit": 49204,
        "Profit before tax": 72988,
        "Present corporate income tax expenses": "N/A",
        "Deferred income taxes expenses": "N/A",
        "The interests of minority shareholders": -222,
        "Total Cost of profits": -222,
        "Profit after tax corporate income": 60645,
        "Volume": 131075937,
        "Close of Quarter": 18.7,
        "EPS": 1875,
        "Non-adjusted EPS": 1875,
        "PE": 10.0,
        "Book Price": 19.9
      }
    },
    {
      "quarter": "Q1 2016",
      "income status": {
        "Net sales": 293484,
        "Cost of goods sold": 263630,
        "Gross Profit": 29854,
        "Financial expenses": "N/A",
        "Of which: Interest expense": "N/A",
        "Cost of sales": "N/A",
        "Enterprise cost management": 17886,
        "Total Operating Expenses": 17886,
        "Total revenue financing activities": "N/A",
        "Net profit from business activities": 11967,
        "Profit": 48135,
        "Profit before tax": 60102,
        "Present corporate income tax expenses": "N/A",
        "Deferred income taxes expenses": "N/A",
        "The interests of minority shareholders": 37,
        "Total Cost of profits": 37,
        "Profit after tax corporate income": 50440,
        "Volume": 131075937,
        "Close of Quarter": 16.7,
        "EPS": 1828,
        "Non-adjusted EPS": 1828,
        "PE": 9.1,
        "Book Price": 20.5
      }
    },
    {
      "quarter": "Q4 2015",
      "income status": {
        "Net sales": 169190,
        "Cost of goods sold": 150053,
        "Gross Profit": 19136,
        "Financial expenses": "N/A",
        "Of which: Interest expense": "N/A",
        "Cost of sales": "N/A",
        "Enterprise cost management": 18150,
        "Total Operating Expenses": 18150,
        "Total revenue financing activities": "N/A",
        "Net profit from business activities": 986,
        "Profit": 57063,
        "Profit before tax": 58049,
        "Present corporate income tax expenses": "N/A",
        "Deferred income taxes expenses": "N/A",
        "The interests of minority shareholders": -956,
        "Total Cost of profits": -956,
        "Profit after tax corporate income": 49824,
        "Volume": 131075937,
        "Close of Quarter": 19.0,
        "EPS": 1870,
        "Non-adjusted EPS": 1870,
        "PE": 10.1,
        "Book Price": 20.1
      }
    },
    {
      "quarter": "Q3 2015",
      "income status": {
        "Net sales": 314349,
        "Cost of goods sold": 266795,
        "Gross Profit": 47553,
        "Financial expenses": "N/A",
        "Of which: Interest expense": "N/A",
        "Cost of sales": "N/A",
        "Enterprise cost management": 24164,
        "Total Operating Expenses": 24164,
        "Total revenue financing activities": "N/A",
        "Net profit from business activities": 23390,
        "Profit": 79605,
        "Profit before tax": 102995,
        "Present corporate income tax expenses": "N/A",
        "Deferred income taxes expenses": "N/A",
        "The interests of minority shareholders": -220,
        "Total Cost of profits": -220,
        "Profit after tax corporate income": 84851,
        "Volume": 131075937,
        "Close of Quarter": 19.7,
        "EPS": 4040,
        "Non-adjusted EPS": 4040,
        "PE": 4.9,
        "Book Price": 20.3
      }
    },
    {
      "quarter": "Q2 2015",
      "income status": {
        "Net sales": 219117,
        "Cost of goods sold": 195723,
        "Gross Profit": 23394,
        "Financial expenses": "N/A",
        "Of which: Interest expense": "N/A",
        "Cost of sales": "N/A",
        "Enterprise cost management": 19501,
        "Total Operating Expenses": 19501,
        "Total revenue financing activities": "N/A",
        "Net profit from business activities": 3893,
        "Profit": 61888,
        "Profit before tax": 65782,
        "Present corporate income tax expenses": "N/A",
        "Deferred income taxes expenses": "N/A",
        "The interests of minority shareholders": -249,
        "Total Cost of profits": -249,
        "Profit after tax corporate income": 54439,
        "Volume": 131075937,
        "Close of Quarter": 22.1,
        "EPS": 3918,
        "Non-adjusted EPS": 3918,
        "PE": 5.6,
        "Book Price": 19.6
      }
    },
    {
      "quarter": "Q1 2015",
      "income status": {
        "Net sales": 289111,
        "Cost of goods sold": 280679,
        "Gross Profit": 8432,
        "Financial expenses": "N/A",
        "Of which: Interest expense": "N/A",
        "Cost of sales": "N/A",
        "Enterprise cost management": 4046,
        "Total Operating Expenses": 4046,
        "Total revenue financing activities": "N/A",
        "Net profit from business activities": 4385,
        "Profit": 62792,
        "Profit before tax": 67176,
        "Present corporate income tax expenses": "N/A",
        "Deferred income taxes expenses": "N/A",
        "The interests of minority shareholders": -87,
        "Total Cost of profits": -87,
        "Profit after tax corporate income": 55984,
        "Volume": 131075937,
        "Close of Quarter": 21.5,
        "EPS": 3981,
        "Non-adjusted EPS": 3981,
        "PE": 5.4,
        "Book Price": 20.7
      }
    },
    {
      "quarter": "Q4 2014",
      "income status": {
        "Net sales": 1053238,
        "Cost of goods sold": 926166,
        "Gross Profit": 127072,
        "Financial expenses": "N/A",
        "Of which: Interest expense": "N/A",
        "Cost of sales": "N/A",
        "Enterprise cost management": 75522,
        "Total Operating Expenses": 75522,
        "Total revenue financing activities": "N/A",
        "Net profit from business activities": 51550,
        "Profit": 364537,
        "Profit before tax": 416087,
        "Present corporate income tax expenses": "N/A",
        "Deferred income taxes expenses": "N/A",
        "The interests of minority shareholders": -259,
        "Total Cost of profits": -259,
        "Profit after tax corporate income": 334248,
        "Volume": 131075937,
        "Close of Quarter": 20.9,
        "EPS": 4608,
        "Non-adjusted EPS": 4608,
        "PE": 4.5,
        "Book Price": 20.3
      }
    },
    {
      "quarter": "Q3 2014",
      "income status": {
        "Net sales": 329790,
        "Cost of goods sold": 294729,
        "Gross Profit": 35061,
        "Financial expenses": "N/A",
        "Of which: Interest expense": "N/A",
        "Cost of sales": "N/A",
        "Enterprise cost management": 11024,
        "Total Operating Expenses": 11024,
        "Total revenue financing activities": "N/A",
        "Net profit from business activities": 24037,
        "Profit": 64188,
        "Profit before tax": 88226,
        "Present corporate income tax expenses": "N/A",
        "Deferred income taxes expenses": "N/A",
        "The interests of minority shareholders": 17,
        "Total Cost of profits": 17,
        "Profit after tax corporate income": 68860,
        "Volume": 131075937,
        "Close of Quarter": 19.0,
        "EPS": 2439,
        "Non-adjusted EPS": 2439,
        "PE": 7.8,
        "Book Price": 19.8
      }
    },
    {
      "quarter": "Q2 2014",
      "income status": {
        "Net sales": 234516,
        "Cost of goods sold": 219291,
        "Gross Profit": 15225,
        "Financial expenses": "N/A",
        "Of which: Interest expense": "N/A",
        "Cost of sales": "N/A",
        "Enterprise cost management": 8720,
        "Total Operating Expenses": 8720,
        "Total revenue financing activities": "N/A",
        "Net profit from business activities": 6505,
        "Profit": 68214,
        "Profit before tax": 74719,
        "Present corporate income tax expenses": "N/A",
        "Deferred income taxes expenses": "N/A",
        "The interests of minority shareholders": -358,
        "Total Cost of profits": -358,
        "Profit after tax corporate income": 62767,
        "Volume": 100827658,
        "Close of Quarter": 17.9,
        "EPS": 2398.5,
        "Non-adjusted EPS": 3118,
        "PE": 5.7,
        "Book Price": 19.3
      }
    },
    {
      "quarter": "Q1 2014",
      "income status": {
        "Net sales": 266033,
        "Cost of goods sold": 224361,
        "Gross Profit": 41672,
        "Financial expenses": "N/A",
        "Of which: Interest expense": "N/A",
        "Cost of sales": "N/A",
        "Enterprise cost management": 23132,
        "Total Operating Expenses": 23132,
        "Total revenue financing activities": "N/A",
        "Net profit from business activities": 18540,
        "Profit": 155593,
        "Profit before tax": 174133,
        "Present corporate income tax expenses": "N/A",
        "Deferred income taxes expenses": "N/A",
        "The interests of minority shareholders": -122,
        "Total Cost of profits": -122,
        "Profit after tax corporate income": 138122,
        "Volume": 100827658,
        "Close of Quarter": 18.7,
        "EPS": 2703.1,
        "Non-adjusted EPS": 3514,
        "PE": 5.3,
        "Book Price": 18.9
      }
    },
    {
      "quarter": "Q4 2013",
      "income status": {
        "Net sales": 181903,
        "Cost of goods sold": 146225,
        "Gross Profit": 35677,
        "Financial expenses": "N/A",
        "Of which: Interest expense": "N/A",
        "Cost of sales": "N/A",
        "Enterprise cost management": 30667,
        "Total Operating Expenses": 30667,
        "Total revenue financing activities": "N/A",
        "Net profit from business activities": 5010,
        "Profit": 55145,
        "Profit before tax": 46905,
        "Present corporate income tax expenses": "N/A",
        "Deferred income taxes expenses": "N/A",
        "The interests of minority shareholders": -1511,
        "Total Cost of profits": -1511,
        "Profit after tax corporate income": 49954,
        "Volume": 100827658,
        "Close of Quarter": 14.0,
        "EPS": 2247.7,
        "Non-adjusted EPS": 2922,
        "PE": 4.8,
        "Book Price": 18.6
      }
    },
    {
      "quarter": "Q3 2013",
      "income status": {
        "Net sales": 176621,
        "Cost of goods sold": 141341,
        "Gross Profit": 35280,
        "Financial expenses": "N/A",
        "Of which: Interest expense": "N/A",
        "Cost of sales": "N/A",
        "Enterprise cost management": 17729,
        "Total Operating Expenses": 17729,
        "Total revenue financing activities": "N/A",
        "Net profit from business activities": 17551,
        "Profit": 61124,
        "Profit before tax": 61615,
        "Present corporate income tax expenses": "N/A",
        "Deferred income taxes expenses": "N/A",
        "The interests of minority shareholders": -286,
        "Total Cost of profits": -286,
        "Profit after tax corporate income": 63575,
        "Volume": 100827658,
        "Close of Quarter": 13.5,
        "EPS": 2373.9,
        "Non-adjusted EPS": 3086,
        "PE": 4.4,
        "Book Price": 19
      }
    },
    {
      "quarter": "Q2 2013",
      "income status": {
        "Net sales": 194622,
        "Cost of goods sold": 138402,
        "Gross Profit": 56220,
        "Financial expenses": "N/A",
        "Of which: Interest expense": "N/A",
        "Cost of sales": "N/A",
        "Enterprise cost management": 14049,
        "Total Operating Expenses": 14049,
        "Total revenue financing activities": "N/A",
        "Net profit from business activities": 42171,
        "Profit": 81836,
        "Profit before tax": 63986,
        "Present corporate income tax expenses": "N/A",
        "Deferred income taxes expenses": "N/A",
        "The interests of minority shareholders": -92,
        "Total Cost of profits": -92,
        "Profit after tax corporate income": 102696,
        "Volume": 100827658,
        "Close of Quarter": 15.2,
        "EPS": 2538.5,
        "Non-adjusted EPS": 3300,
        "PE": 4.6,
        "Book Price": 18.5
      }
    },
    {
      "quarter": "Q1 2012",
      "income status": {
        "Net sales": 207787,
        "Cost of goods sold": 195424,
        "Gross Profit": 12363,
        "Financial expenses": "N/A",
        "Of which: Interest expense": "N/A",
        "Cost of sales": "N/A",
        "Enterprise cost management": 11581,
        "Total Operating Expenses": 11581,
        "Total revenue financing activities": "N/A",
        "Net profit from business activities": 782,
        "Profit": 95654,
        "Profit before tax": 70712,
        "Present corporate income tax expenses": "N/A",
        "Deferred income taxes expenses": "N/A",
        "The interests of minority shareholders": 383,
        "Total Cost of profits": 383,
        "Profit after tax corporate income": 78375,
        "Volume": 100827658,
        "Close of Quarter": 5.9,
        "EPS": 2335.4,
        "Non-adjusted EPS": 3036,
        "PE": 1.9,
        "Book Price": 17.9
      }
    },
    {
      "quarter": "Q4 2011",
      "income status": {
        "Net sales": 140776,
        "Cost of goods sold": 130194,
        "Gross Profit": 10582,
        "Financial expenses": "N/A",
        "Of which: Interest expense": "N/A",
        "Cost of sales": "N/A",
        "Enterprise cost management": 12081,
        "Total Operating Expenses": 12081,
        "Total revenue financing activities": "N/A",
        "Net profit from business activities": -1499,
        "Profit": 83995,
        "Profit before tax": 64322,
        "Present corporate income tax expenses": "N/A",
        "Deferred income taxes expenses": "N/A",
        "The interests of minority shareholders": -344,
        "Total Cost of profits": -344,
        "Profit after tax corporate income": 66546,
        "Volume": 100827658,
        "Close of Quarter": 5.1,
        "EPS": 2246.9,
        "Non-adjusted EPS": 2921,
        "PE": 1.8,
        "Book Price": 24.1
      }
    },
    {
      "quarter": "Q3 2011",
      "income status": {
        "Net sales": 171622,
        "Cost of goods sold": 134439,
        "Gross Profit": 37184,
        "Financial expenses": "N/A",
        "Of which: Interest expense": "N/A",
        "Cost of sales": "N/A",
        "Enterprise cost management": 17433,
        "Total Operating Expenses": 17433,
        "Total revenue financing activities": "N/A",
        "Net profit from business activities": 19751,
        "Profit": 86455,
        "Profit before tax": 105288,
        "Present corporate income tax expenses": "N/A",
        "Deferred income taxes expenses": "N/A",
        "The interests of minority shareholders": 95,
        "Total Cost of profits": 95,
        "Profit after tax corporate income": 85117,
        "Volume": 67218440,
        "Close of Quarter": 5.7,
        "EPS": 2264.6,
        "Non-adjusted EPS": 4416,
        "PE": 1.3,
        "Book Price": 17.5
      }
    },
    {
      "quarter": "Q2 2011",
      "income status": {
        "Net sales": 153572,
        "Cost of goods sold": 152978,
        "Gross Profit": 594,
        "Financial expenses": "N/A",
        "Of which: Interest expense": "N/A",
        "Cost of sales": "N/A",
        "Enterprise cost management": 8297,
        "Total Operating Expenses": 8297,
        "Total revenue financing activities": "N/A",
        "Net profit from business activities": -7703,
        "Profit": 94703,
        "Profit before tax": 60337,
        "Present corporate income tax expenses": "N/A",
        "Deferred income taxes expenses": "N/A",
        "The interests of minority shareholders": -284,
        "Total Cost of profits": -284,
        "Profit after tax corporate income": 76103,
        "Volume": 67218440,
        "Close of Quarter": 8.5,
        "EPS": 2049.2,
        "Non-adjusted EPS": 3996,
        "PE": 2.1,
        "Book Price": 16.9
      }
    },
    {
      "quarter": "Q1 2011",
      "income status": {
        "Net sales": 191664,
        "Cost of goods sold": 160584,
        "Gross Profit": 31080,
        "Financial expenses": "N/A",
        "Of which: Interest expense": "N/A",
        "Cost of sales": "N/A",
        "Enterprise cost management": 11336,
        "Total Operating Expenses": 11336,
        "Total revenue financing activities": "N/A",
        "Net profit from business activities": 19744,
        "Profit": 65485,
        "Profit before tax": 84018,
        "Present corporate income tax expenses": "N/A",
        "Deferred income taxes expenses": "N/A",
        "The interests of minority shareholders": -147,
        "Total Cost of profits": -147,
        "Profit after tax corporate income": 66735,
        "Volume": 67218440,
        "Close of Quarter": 6.0,
        "EPS": 1916.4,
        "Non-adjusted EPS": 3737,
        "PE": 1.6,
        "Book Price": 16.8
      }
    },
    {
      "quarter": "Q4 2010",
      "income status": {
        "Net sales": 122132,
        "Cost of goods sold": 105793,
        "Gross Profit": 16339,
        "Financial expenses": "N/A",
        "Of which: Interest expense": "N/A",
        "Cost of sales": 11638,
        "Enterprise cost management": "N/A",
        "Total Operating Expenses": 11638,
        "Total revenue financing activities": "N/A",
        "Net profit from business activities": 4701,
        "Profit": 80807,
        "Profit before tax": 85268,
        "Present corporate income tax expenses": "N/A",
        "Deferred income taxes expenses": "N/A",
        "The interests of minority shareholders": 911,
        "Total Cost of profits": 911,
        "Profit after tax corporate income": 68915,
        "Volume": 67218440,
        "Close of Quarter": 7.6,
        "EPS": 1776.9,
        "Non-adjusted EPS": 3465,
        "PE": 2.2,
        "Book Price": 16.2
      }
    },
    {
      "quarter": "Q3 2010",
      "income status": {
        "Net sales": 151501,
        "Cost of goods sold": 129356,
        "Gross Profit": 22145,
        "Financial expenses": "N/A",
        "Of which: Interest expense": "N/A",
        "Cost of sales": "N/A",
        "Enterprise cost management": 7348,
        "Total Operating Expenses": 7348,
        "Total revenue financing activities": "N/A",
        "Net profit from business activities": 14797,
        "Profit": 60422,
        "Profit before tax": 72610,
        "Present corporate income tax expenses": "N/A",
        "Deferred income taxes expenses": "N/A",
        "The interests of minority shareholders": 215,
        "Total Cost of profits": 215,
        "Profit after tax corporate income": 56849,
        "Volume": 67218440,
        "Close of Quarter": 7.4,
        "EPS": 1292.8,
        "Non-adjusted EPS": 2521,
        "PE": 2.9,
        "Book Price": 15.6
      }
    },
    {
      "quarter": "Q2 2010",
      "income status": {
        "Net sales": 142656,
        "Cost of goods sold": 127789,
        "Gross Profit": 14866,
        "Financial expenses": "N/A",
        "Of which: Interest expense": "N/A",
        "Cost of sales": "N/A",
        "Enterprise cost management": 15190,
        "Total Operating Expenses": 15190,
        "Total revenue financing activities": "N/A",
        "Net profit from business activities": -324,
        "Profit": 71682,
        "Profit before tax": 51407,
        "Present corporate income tax expenses": "N/A",
        "Deferred income taxes expenses": "N/A",
        "The interests of minority shareholders": -176,
        "Total Cost of profits": -176,
        "Profit after tax corporate income": 58694,
        "Volume": 67218440,
        "Close of Quarter": 6.6,
        "EPS": 931.8,
        "Non-adjusted EPS": 1817,
        "PE": 3.6,
        "Book Price": 15.6
      }
    },
    {
      "quarter": "Q1 2010",
      "income status": {
        "Net sales": 139679,
        "Cost of goods sold": 126999,
        "Gross Profit": 12679,
        "Financial expenses": "N/A",
        "Of which: Interest expense": "N/A",
        "Cost of sales": "N/A",
        "Enterprise cost management": 9676,
        "Total Operating Expenses": 9676,
        "Total revenue financing activities": "N/A",
        "Net profit from business activities": 3003,
        "Profit": 60710,
        "Profit before tax": 60078,
        "Present corporate income tax expenses": "N/A",
        "Deferred income taxes expenses": "N/A",
        "The interests of minority shareholders": 176,
        "Total Cost of profits": 176,
        "Profit after tax corporate income": 48478,
        "Volume": 67218440,
        "Close of Quarter": 6.3,
        "EPS": 563.6,
        "Non-adjusted EPS": 1099,
        "PE": 5.8,
        "Book Price": 15.7
      }
    },
    {
      "quarter": "Q4 2009",
      "income status": {
        "Net sales": 81223,
        "Cost of goods sold": 211158,
        "Gross Profit": 28292,
        "Financial expenses": "N/A",
        "Of which: Interest expense": "N/A",
        "Cost of sales": 50767,
        "Enterprise cost management": 50767,
        "Total Operating Expenses": 101534,
        "Total revenue financing activities": "N/A",
        "Net profit from business activities": 9329,
        "Profit": 1266,
        "Profit before tax": 49418,
        "Present corporate income tax expenses": "N/A",
        "Deferred income taxes expenses": "N/A",
        "The interests of minority shareholders": "N/A",
        "Total Cost of profits": 0,
        "Profit after tax corporate income": 5408,
        "Volume": 67218440,
        "Close of Quarter": 6.7,
        "EPS": 268.7,
        "Non-adjusted EPS": 524,
        "PE": 12.7,
        "Book Price": 15.2
      }
    },
    {
      "quarter": "Q3 2009",
      "income status": {
        "Net sales": "N/A",
        "Cost of goods sold": "N/A",
        "Gross Profit": "N/A",
        "Financial expenses": "N/A",
        "Of which: Interest expense": "N/A",
        "Cost of sales": "N/A",
        "Enterprise cost management": "N/A",
        "Total Operating Expenses": 0,
        "Total revenue financing activities": "N/A",
        "Net profit from business activities": "N/A",
        "Profit": "N/A",
        "Profit before tax": 66384,
        "Present corporate income tax expenses": "N/A",
        "Deferred income taxes expenses": "N/A",
        "The interests of minority shareholders": "N/A",
        "Total Cost of profits": 0,
        "Profit after tax corporate income": 9582,
        "Volume": 67218440,
        "Close of Quarter": 8.4,
        "EPS": 285.1,
        "Non-adjusted EPS": 556,
        "PE": 15.0,
        "Book Price": 14.8
      }
    },
    {
      "quarter": "Q2 2009",
      "income status": {
        "Net sales": 128914,
        "Cost of goods sold": 179588,
        "Gross Profit": 43513,
        "Financial expenses": "N/A",
        "Of which: Interest expense": "N/A",
        "Cost of sales": 56024,
        "Enterprise cost management": 56024,
        "Total Operating Expenses": 112048,
        "Total revenue financing activities": "N/A",
        "Net profit from business activities": 9629,
        "Profit": 897,
        "Profit before tax": 59677,
        "Present corporate income tax expenses": "N/A",
        "Deferred income taxes expenses": "N/A",
        "The interests of minority shareholders": "N/A",
        "Total Cost of profits": 0,
        "Profit after tax corporate income": 10430,
        "Volume": 67218440,
        "Close of Quarter": 7.7,
        "EPS": 319.5,
        "Non-adjusted EPS": 623,
        "PE": 12.4,
        "Book Price": 14.9
      }
    },
    {
      "quarter": "Q1 2009",
      "income status": {
        "Net sales": 119238,
        "Cost of goods sold": 171163,
        "Gross Profit": 43198,
        "Financial expenses": "N/A",
        "Of which: Interest expense": "N/A",
        "Cost of sales": 56345,
        "Enterprise cost management": 56345,
        "Total Operating Expenses": 112690,
        "Total revenue financing activities": "N/A",
        "Net profit from business activities": 13238,
        "Profit": 51,
        "Profit before tax": 57314,
        "Present corporate income tax expenses": "N/A",
        "Deferred income taxes expenses": "N/A",
        "The interests of minority shareholders": "N/A",
        "Total Cost of profits": 0,
        "Profit after tax corporate income": 9770,
        "Volume": 67218440,
        "Close of Quarter": 8.1,
        "EPS": 240,
        "Non-adjusted EPS": 468,
        "PE": 17.3,
        "Book Price": 14.9
      }
    },
    {
      "quarter": "Q4 2008",
      "income status": {
        "Net sales": 76731,
        "Cost of goods sold": 131429,
        "Gross Profit": 24772,
        "Financial expenses": "N/A",
        "Of which: Interest expense": "N/A",
        "Cost of sales": 39331,
        "Enterprise cost management": 39331,
        "Total Operating Expenses": 78662,
        "Total revenue financing activities": "N/A",
        "Net profit from business activities": -14318,
        "Profit": 2570,
        "Profit before tax": 51313,
        "Present corporate income tax expenses": "N/A",
        "Deferred income taxes expenses": "N/A",
        "The interests of minority shareholders": "N/A",
        "Total Cost of profits": 0,
        "Profit after tax corporate income": 7571,
        "Volume": 67218440,
        "Close of Quarter": 7.1,
        "EPS": 165.6,
        "Non-adjusted EPS": 323,
        "PE": 21.9,
        "Book Price": 14.6
      }
    },
    {
      "quarter": "Q3 2008",
      "income status": {
        "Net sales": 97196,
        "Cost of goods sold": "N/A",
        "Gross Profit": "N/A",
        "Financial expenses": "N/A",
        "Of which: Interest expense": "N/A",
        "Cost of sales": "N/A",
        "Enterprise cost management": "N/A",
        "Total Operating Expenses": 0,
        "Total revenue financing activities": "N/A",
        "Net profit from business activities": "N/A",
        "Profit": "N/A",
        "Profit before tax": 55741,
        "Present corporate income tax expenses": "N/A",
        "Deferred income taxes expenses": "N/A",
        "The interests of minority shareholders": "N/A",
        "Total Cost of profits": 0,
        "Profit after tax corporate income": 14130,
        "Volume": 67218440,
        "Close of Quarter": 10.3,
        "EPS": 107.7,
        "Non-adjusted EPS": 210,
        "PE": 49.2,
        "Book Price": 14.4
      }
    }
  ]
}