{
  "ticker": "DDM",
  "data": [
    {
      "quarter": "Q1 2017",
      "income status": {
        "Net sales": 58226,
        "Cost of goods sold": 67440,
        "Gross Profit": -9214,
        "Financial expenses": 9469,
        "Of which: Interest expense": 9457,
        "Cost of sales": "N/A",
        "Enterprise cost management": 4372,
        "Total Operating Expenses": 13841,
        "Total revenue financing activities": 412,
        "Net profit from business activities": -22642,
        "Profit": -1866,
        "Profit before tax": -24509,
        "Present corporate income tax expenses": "N/A",
        "Deferred income taxes expenses": "N/A",
        "The interests of minority shareholders": "N/A",
        "Total Cost of profits": 0,
        "Profit after tax corporate income": -24509,
        "Volume": 12244495,
        "Close of Quarter": 2,
        "EPS": -10186,
        "Non-adjusted EPS": -10186,
        "PE": -0.2,
        "Book Price": -46.4
      }
    },
    {
      "quarter": "Q4 2016",
      "income status": {
        "Net sales": 58231,
        "Cost of goods sold": 74496,
        "Gross Profit": -16265,
        "Financial expenses": 24824,
        "Of which: Interest expense": 10553,
        "Cost of sales": "N/A",
        "Enterprise cost management": 5326,
        "Total Operating Expenses": 30150,
        "Total revenue financing activities": 279,
        "Net profit from business activities": -46137,
        "Profit": 957,
        "Profit before tax": -45180,
        "Present corporate income tax expenses": "N/A",
        "Deferred income taxes expenses": "N/A",
        "The interests of minority shareholders": "N/A",
        "Total Cost of profits": 0,
        "Profit after tax corporate income": -45180,
        "Volume": 12244495,
        "Close of Quarter": 1.9,
        "EPS": -9562,
        "Non-adjusted EPS": -9562,
        "PE": -0.2,
        "Book Price": -44.4
      }
    },
    {
      "quarter": "Q3 2016",
      "income status": {
        "Net sales": 61864,
        "Cost of goods sold": 73761,
        "Gross Profit": -11897,
        "Financial expenses": 12517,
        "Of which: Interest expense": 10075,
        "Cost of sales": "N/A",
        "Enterprise cost management": 4409,
        "Total Operating Expenses": 16926,
        "Total revenue financing activities": 239,
        "Net profit from business activities": -28584,
        "Profit": 662,
        "Profit before tax": -27922,
        "Present corporate income tax expenses": "N/A",
        "Deferred income taxes expenses": "N/A",
        "The interests of minority shareholders": "N/A",
        "Total Cost of profits": 0,
        "Profit after tax corporate income": -27922,
        "Volume": 12244495,
        "Close of Quarter": 1.6,
        "EPS": -8712,
        "Non-adjusted EPS": -8712,
        "PE": -0.2,
        "Book Price": -40.9
      }
    },
    {
      "quarter": "Q2 2016",
      "income status": {
        "Net sales": 64943,
        "Cost of goods sold": 74201,
        "Gross Profit": -9258,
        "Financial expenses": 13165,
        "Of which: Interest expense": 10053,
        "Cost of sales": "N/A",
        "Enterprise cost management": 5107,
        "Total Operating Expenses": 18272,
        "Total revenue financing activities": 7,
        "Net profit from business activities": -27522,
        "Profit": 405,
        "Profit before tax": -27117,
        "Present corporate income tax expenses": "N/A",
        "Deferred income taxes expenses": "N/A",
        "The interests of minority shareholders": "N/A",
        "Total Cost of profits": 0,
        "Profit after tax corporate income": -27117,
        "Volume": 12244495,
        "Close of Quarter": 0.8,
        "EPS": -10356,
        "Non-adjusted EPS": -10356,
        "PE": -0.1,
        "Book Price": -38.8
      }
    },
    {
      "quarter": "Q1 2016",
      "income status": {
        "Net sales": 60208,
        "Cost of goods sold": 68865,
        "Gross Profit": -8657,
        "Financial expenses": 12053,
        "Of which: Interest expense": 9619,
        "Cost of sales": "N/A",
        "Enterprise cost management": 4826,
        "Total Operating Expenses": 16879,
        "Total revenue financing activities": 4827,
        "Net profit from business activities": -20710,
        "Profit": 3843,
        "Profit before tax": -16867,
        "Present corporate income tax expenses": "N/A",
        "Deferred income taxes expenses": "N/A",
        "The interests of minority shareholders": "N/A",
        "Total Cost of profits": 0,
        "Profit after tax corporate income": -16867,
        "Volume": 12244495,
        "Close of Quarter": 1.3,
        "EPS": -10482,
        "Non-adjusted EPS": -10482,
        "PE": -0.1,
        "Book Price": -36.8
      }
    },
    {
      "quarter": "Q4 2015",
      "income status": {
        "Net sales": 67394,
        "Cost of goods sold": 70449,
        "Gross Profit": -3055,
        "Financial expenses": 13512,
        "Of which: Interest expense": 10898,
        "Cost of sales": "N/A",
        "Enterprise cost management": 7541,
        "Total Operating Expenses": 21053,
        "Total revenue financing activities": 99,
        "Net profit from business activities": -24008,
        "Profit": -10764,
        "Profit before tax": -34772,
        "Present corporate income tax expenses": "N/A",
        "Deferred income taxes expenses": "N/A",
        "The interests of minority shareholders": "N/A",
        "Total Cost of profits": 0,
        "Profit after tax corporate income": -34772,
        "Volume": 12244495,
        "Close of Quarter": 1.4,
        "EPS": -11305,
        "Non-adjusted EPS": -11305,
        "PE": -0.1,
        "Book Price": -35.6
      }
    },
    {
      "quarter": "Q3 2015",
      "income status": {
        "Net sales": 62657,
        "Cost of goods sold": 70511,
        "Gross Profit": -7854,
        "Financial expenses": 34876,
        "Of which: Interest expense": 10925,
        "Cost of sales": "N/A",
        "Enterprise cost management": 5359,
        "Total Operating Expenses": 40235,
        "Total revenue financing activities": 11,
        "Net profit from business activities": -48078,
        "Profit": 26,
        "Profit before tax": -48052,
        "Present corporate income tax expenses": "N/A",
        "Deferred income taxes expenses": "N/A",
        "The interests of minority shareholders": "N/A",
        "Total Cost of profits": 0,
        "Profit after tax corporate income": -48052,
        "Volume": 12244495,
        "Close of Quarter": 1.4,
        "EPS": -10244,
        "Non-adjusted EPS": -10244,
        "PE": -0.1,
        "Book Price": -33.8
      }
    },
    {
      "quarter": "Q2 2015",
      "income status": {
        "Net sales": 77078,
        "Cost of goods sold": 81509,
        "Gross Profit": -4431,
        "Financial expenses": 18994,
        "Of which: Interest expense": 9596,
        "Cost of sales": "N/A",
        "Enterprise cost management": 5200,
        "Total Operating Expenses": 24194,
        "Total revenue financing activities": 11,
        "Net profit from business activities": -28613,
        "Profit": -43,
        "Profit before tax": -28656,
        "Present corporate income tax expenses": "N/A",
        "Deferred income taxes expenses": "N/A",
        "The interests of minority shareholders": "N/A",
        "Total Cost of profits": 0,
        "Profit after tax corporate income": -28656,
        "Volume": 12244495,
        "Close of Quarter": 1.2,
        "EPS": -8284,
        "Non-adjusted EPS": -8284,
        "PE": -0.1,
        "Book Price": -30.1
      }
    },
    {
      "quarter": "Q1 2015",
      "income status": {
        "Net sales": 86981,
        "Cost of goods sold": 90303,
        "Gross Profit": -3322,
        "Financial expenses": 17767,
        "Of which: Interest expense": 11421,
        "Cost of sales": "N/A",
        "Enterprise cost management": 5282,
        "Total Operating Expenses": 23049,
        "Total revenue financing activities": 10,
        "Net profit from business activities": -26362,
        "Profit": -587,
        "Profit before tax": -26949,
        "Present corporate income tax expenses": "N/A",
        "Deferred income taxes expenses": "N/A",
        "The interests of minority shareholders": "N/A",
        "Total Cost of profits": 0,
        "Profit after tax corporate income": -26949,
        "Volume": 12244495,
        "Close of Quarter": 1.9,
        "EPS": -9771,
        "Non-adjusted EPS": -9771,
        "PE": -0.2,
        "Book Price": -27
      }
    },
    {
      "quarter": "Q4 2014",
      "income status": {
        "Net sales": 97647,
        "Cost of goods sold": 96371,
        "Gross Profit": 1276,
        "Financial expenses": 16252,
        "Of which: Interest expense": 6732,
        "Cost of sales": "N/A",
        "Enterprise cost management": 6894,
        "Total Operating Expenses": 23146,
        "Total revenue financing activities": 90,
        "Net profit from business activities": -21781,
        "Profit": 11,
        "Profit before tax": -21770,
        "Present corporate income tax expenses": "N/A",
        "Deferred income taxes expenses": "N/A",
        "The interests of minority shareholders": "N/A",
        "Total Cost of profits": 0,
        "Profit after tax corporate income": -21770,
        "Volume": 12244495,
        "Close of Quarter": 2.2,
        "EPS": -10478,
        "Non-adjusted EPS": -10478,
        "PE": -0.2,
        "Book Price": -25
      }
    },
    {
      "quarter": "Q3 2014",
      "income status": {
        "Net sales": 100427,
        "Cost of goods sold": 104256,
        "Gross Profit": -3829,
        "Financial expenses": 19227,
        "Of which: Interest expense": 14366,
        "Cost of sales": "N/A",
        "Enterprise cost management": 5746,
        "Total Operating Expenses": 24973,
        "Total revenue financing activities": 4200,
        "Net profit from business activities": -24603,
        "Profit": 549,
        "Profit before tax": -24054,
        "Present corporate income tax expenses": "N/A",
        "Deferred income taxes expenses": "N/A",
        "The interests of minority shareholders": "N/A",
        "Total Cost of profits": 0,
        "Profit after tax corporate income": -24054,
        "Volume": 12244495,
        "Close of Quarter": 0.7,
        "EPS": -13091,
        "Non-adjusted EPS": -13091,
        "PE": -0.1,
        "Book Price": -24.2
      }
    },
    {
      "quarter": "Q2 2014",
      "income status": {
        "Net sales": 106030,
        "Cost of goods sold": 117398,
        "Gross Profit": -11368,
        "Financial expenses": 30429,
        "Of which: Interest expense": 17173,
        "Cost of sales": "N/A",
        "Enterprise cost management": 5036,
        "Total Operating Expenses": 35465,
        "Total revenue financing activities": 19,
        "Net profit from business activities": -46815,
        "Profit": -51,
        "Profit before tax": -46867,
        "Present corporate income tax expenses": "N/A",
        "Deferred income taxes expenses": "N/A",
        "The interests of minority shareholders": "N/A",
        "Total Cost of profits": 0,
        "Profit after tax corporate income": -46867,
        "Volume": 12244495,
        "Close of Quarter": 0.7,
        "EPS": -13389,
        "Non-adjusted EPS": -13389,
        "PE": -0.1,
        "Book Price": -22.5
      }
    },
    {
      "quarter": "Q1 2014",
      "income status": {
        "Net sales": 88020,
        "Cost of goods sold": 97165,
        "Gross Profit": -9145,
        "Financial expenses": 21963,
        "Of which: Interest expense": 16446,
        "Cost of sales": "N/A",
        "Enterprise cost management": 4654,
        "Total Operating Expenses": 26617,
        "Total revenue financing activities": 14,
        "Net profit from business activities": -35748,
        "Profit": 139,
        "Profit before tax": -35609,
        "Present corporate income tax expenses": "N/A",
        "Deferred income taxes expenses": "N/A",
        "The interests of minority shareholders": "N/A",
        "Total Cost of profits": 0,
        "Profit after tax corporate income": -35609,
        "Volume": 12244495,
        "Close of Quarter": 0.7,
        "EPS": -16113,
        "Non-adjusted EPS": -16113,
        "PE": -0.0,
        "Book Price": -18.8
      }
    },
    {
      "quarter": "Q4 2013",
      "income status": {
        "Net sales": 93326,
        "Cost of goods sold": 103703,
        "Gross Profit": -10377,
        "Financial expenses": 37465,
        "Of which: Interest expense": 18495,
        "Cost of sales": "N/A",
        "Enterprise cost management": 6101,
        "Total Operating Expenses": 43566,
        "Total revenue financing activities": 194,
        "Net profit from business activities": -53749,
        "Profit": -15,
        "Profit before tax": -53764,
        "Present corporate income tax expenses": "N/A",
        "Deferred income taxes expenses": "N/A",
        "The interests of minority shareholders": "N/A",
        "Total Cost of profits": 0,
        "Profit after tax corporate income": -53764,
        "Volume": 12244495,
        "Close of Quarter": 0.7,
        "EPS": -14413,
        "Non-adjusted EPS": -14413,
        "PE": -0.1,
        "Book Price": -16.1
      }
    },
    {
      "quarter": "Q3 2013",
      "income status": {
        "Net sales": 72729,
        "Cost of goods sold": 81983,
        "Gross Profit": -9254,
        "Financial expenses": 17654,
        "Of which: Interest expense": 17544,
        "Cost of sales": "N/A",
        "Enterprise cost management": 4560,
        "Total Operating Expenses": 22214,
        "Total revenue financing activities": 3207,
        "Net profit from business activities": -28262,
        "Profit": 563,
        "Profit before tax": -27699,
        "Present corporate income tax expenses": "N/A",
        "Deferred income taxes expenses": "N/A",
        "The interests of minority shareholders": "N/A",
        "Total Cost of profits": 0,
        "Profit after tax corporate income": -27699,
        "Volume": 12244495,
        "Close of Quarter": 0.7,
        "EPS": -12524,
        "Non-adjusted EPS": -12524,
        "PE": -0.1,
        "Book Price": -12.7
      }
    },
    {
      "quarter": "Q2 2013",
      "income status": {
        "Net sales": 59044,
        "Cost of goods sold": 98162,
        "Gross Profit": -39118,
        "Financial expenses": 32297,
        "Of which: Interest expense": 17847,
        "Cost of sales": "N/A",
        "Enterprise cost management": 10604,
        "Total Operating Expenses": 42901,
        "Total revenue financing activities": 340,
        "Net profit from business activities": -81678,
        "Profit": 1458,
        "Profit before tax": -80220,
        "Present corporate income tax expenses": "N/A",
        "Deferred income taxes expenses": "N/A",
        "The interests of minority shareholders": "N/A",
        "Total Cost of profits": 0,
        "Profit after tax corporate income": -80220,
        "Volume": 12244495,
        "Close of Quarter": 0.7,
        "EPS": -12438,
        "Non-adjusted EPS": -12438,
        "PE": -0.1,
        "Book Price": -10.5
      }
    },
    {
      "quarter": "Q1 2013",
      "income status": {
        "Net sales": 54368,
        "Cost of goods sold": 47759,
        "Gross Profit": 6610,
        "Financial expenses": 17635,
        "Of which: Interest expense": 17329,
        "Cost of sales": "N/A",
        "Enterprise cost management": 4688,
        "Total Operating Expenses": 22323,
        "Total revenue financing activities": 74,
        "Net profit from business activities": -15639,
        "Profit": 842,
        "Profit before tax": -14797,
        "Present corporate income tax expenses": "N/A",
        "Deferred income taxes expenses": "N/A",
        "The interests of minority shareholders": "N/A",
        "Total Cost of profits": 0,
        "Profit after tax corporate income": -14797,
        "Volume": 12244495,
        "Close of Quarter": 0.7,
        "EPS": -6836,
        "Non-adjusted EPS": -6836,
        "PE": -0.1,
        "Book Price": -3.9
      }
    },
    {
      "quarter": "Q4 2012",
      "income status": {
        "Net sales": 74717,
        "Cost of goods sold": 73901,
        "Gross Profit": 815,
        "Financial expenses": 31786,
        "Of which: Interest expense": 18875,
        "Cost of sales": "N/A",
        "Enterprise cost management": 5247,
        "Total Operating Expenses": 37033,
        "Total revenue financing activities": 723,
        "Net profit from business activities": -35495,
        "Profit": 4860,
        "Profit before tax": -30635,
        "Present corporate income tax expenses": "N/A",
        "Deferred income taxes expenses": "N/A",
        "The interests of minority shareholders": "N/A",
        "Total Cost of profits": 0,
        "Profit after tax corporate income": -30635,
        "Volume": 12244495,
        "Close of Quarter": 0.9,
        "EPS": -5617,
        "Non-adjusted EPS": -5617,
        "PE": -0.2,
        "Book Price": -2.7
      }
    },
    {
      "quarter": "Q3 2012",
      "income status": {
        "Net sales": 72490,
        "Cost of goods sold": 73838,
        "Gross Profit": -1348,
        "Financial expenses": 22562,
        "Of which: Interest expense": 17923,
        "Cost of sales": "N/A",
        "Enterprise cost management": 4068,
        "Total Operating Expenses": 26630,
        "Total revenue financing activities": 222,
        "Net profit from business activities": -27755,
        "Profit": 1112,
        "Profit before tax": -26643,
        "Present corporate income tax expenses": "N/A",
        "Deferred income taxes expenses": "N/A",
        "The interests of minority shareholders": "N/A",
        "Total Cost of profits": 0,
        "Profit after tax corporate income": -26643,
        "Volume": 12244495,
        "Close of Quarter": 1.4,
        "EPS": -3176,
        "Non-adjusted EPS": -3176,
        "PE": -0.4,
        "Book Price": -0.3
      }
    },
    {
      "quarter": "Q2 2012",
      "income status": {
        "Net sales": 69642,
        "Cost of goods sold": 59737,
        "Gross Profit": 9905,
        "Financial expenses": 17769,
        "Of which: Interest expense": 17769,
        "Cost of sales": "N/A",
        "Enterprise cost management": 4880,
        "Total Operating Expenses": 22649,
        "Total revenue financing activities": 18,
        "Net profit from business activities": -12727,
        "Profit": 1100,
        "Profit before tax": -11626,
        "Present corporate income tax expenses": "N/A",
        "Deferred income taxes expenses": "N/A",
        "The interests of minority shareholders": "N/A",
        "Total Cost of profits": 0,
        "Profit after tax corporate income": -11626,
        "Volume": 12244495,
        "Close of Quarter": 3,
        "EPS": -889,
        "Non-adjusted EPS": -889,
        "PE": -3.4,
        "Book Price": 1.5
      }
    },
    {
      "quarter": "Q1 2012",
      "income status": {
        "Net sales": 78918,
        "Cost of goods sold": 57132,
        "Gross Profit": 21786,
        "Financial expenses": 16557,
        "Of which: Interest expense": 16387,
        "Cost of sales": "N/A",
        "Enterprise cost management": 5139,
        "Total Operating Expenses": 21696,
        "Total revenue financing activities": 92,
        "Net profit from business activities": 182,
        "Profit": 271,
        "Profit before tax": 453,
        "Present corporate income tax expenses": 321,
        "Deferred income taxes expenses": "N/A",
        "The interests of minority shareholders": "N/A",
        "Total Cost of profits": 321,
        "Profit after tax corporate income": 132,
        "Volume": 12244495,
        "Close of Quarter": 3.1,
        "EPS": 114,
        "Non-adjusted EPS": 114,
        "PE": 27.2,
        "Book Price": 2.5
      }
    },
    {
      "quarter": "Q4 2011",
      "income status": {
        "Net sales": 104678,
        "Cost of goods sold": 65705,
        "Gross Profit": 38973,
        "Financial expenses": 35389,
        "Of which: Interest expense": 17252,
        "Cost of sales": "N/A",
        "Enterprise cost management": 5146,
        "Total Operating Expenses": 40535,
        "Total revenue financing activities": 195,
        "Net profit from business activities": -1367,
        "Profit": 620,
        "Profit before tax": -747,
        "Present corporate income tax expenses": "N/A",
        "Deferred income taxes expenses": "N/A",
        "The interests of minority shareholders": "N/A",
        "Total Cost of profits": 0,
        "Profit after tax corporate income": -747,
        "Volume": 12244495,
        "Close of Quarter": 2.4,
        "EPS": 108,
        "Non-adjusted EPS": 108,
        "PE": 22.2,
        "Book Price": 2.9
      }
    },
    {
      "quarter": "Q3 2011",
      "income status": {
        "Net sales": 87334,
        "Cost of goods sold": 55718,
        "Gross Profit": 31616,
        "Financial expenses": 43948,
        "Of which: Interest expense": 17807,
        "Cost of sales": "N/A",
        "Enterprise cost management": 5251,
        "Total Operating Expenses": 49199,
        "Total revenue financing activities": 42,
        "Net profit from business activities": -17541,
        "Profit": 18902,
        "Profit before tax": 1361,
        "Present corporate income tax expenses": "N/A",
        "Deferred income taxes expenses": "N/A",
        "The interests of minority shareholders": "N/A",
        "Total Cost of profits": 0,
        "Profit after tax corporate income": 1361,
        "Volume": 12244495,
        "Close of Quarter": 4.2,
        "EPS": 1528,
        "Non-adjusted EPS": 1528,
        "PE": 2.8,
        "Book Price": 6.7
      }
    },
    {
      "quarter": "Q2 2011",
      "income status": {
        "Net sales": 86894,
        "Cost of goods sold": 59495,
        "Gross Profit": 27399,
        "Financial expenses": 23270,
        "Of which: Interest expense": 20528,
        "Cost of sales": "N/A",
        "Enterprise cost management": 4189,
        "Total Operating Expenses": 27459,
        "Total revenue financing activities": 459,
        "Net profit from business activities": 400,
        "Profit": 244,
        "Profit before tax": 644,
        "Present corporate income tax expenses": "N/A",
        "Deferred income taxes expenses": "N/A",
        "The interests of minority shareholders": "N/A",
        "Total Cost of profits": 0,
        "Profit after tax corporate income": 644,
        "Volume": 12244495,
        "Close of Quarter": 5,
        "EPS": 1558,
        "Non-adjusted EPS": 1558,
        "PE": 3.2,
        "Book Price": 5.9
      }
    },
    {
      "quarter": "Q1 2011",
      "income status": {
        "Net sales": 76542,
        "Cost of goods sold": 49251,
        "Gross Profit": 27291,
        "Financial expenses": 23615,
        "Of which: Interest expense": 22159,
        "Cost of sales": "N/A",
        "Enterprise cost management": 5236,
        "Total Operating Expenses": 28851,
        "Total revenue financing activities": 772,
        "Net profit from business activities": -788,
        "Profit": 851,
        "Profit before tax": 63,
        "Present corporate income tax expenses": "N/A",
        "Deferred income taxes expenses": "N/A",
        "The interests of minority shareholders": "N/A",
        "Total Cost of profits": 0,
        "Profit after tax corporate income": 63,
        "Volume": 12244495,
        "Close of Quarter": 7.1,
        "EPS": 555,
        "Non-adjusted EPS": 555,
        "PE": 12.8,
        "Book Price": 5.9
      }
    },
    {
      "quarter": "Q4 2010",
      "income status": {
        "Net sales": 84427,
        "Cost of goods sold": 50361,
        "Gross Profit": 34065,
        "Financial expenses": 32068,
        "Of which: Interest expense": 19247,
        "Cost of sales": "N/A",
        "Enterprise cost management": 3998,
        "Total Operating Expenses": 36066,
        "Total revenue financing activities": 5017,
        "Net profit from business activities": 3017,
        "Profit": 13623,
        "Profit before tax": 16640,
        "Present corporate income tax expenses": "N/A",
        "Deferred income taxes expenses": "N/A",
        "The interests of minority shareholders": "N/A",
        "Total Cost of profits": 0,
        "Profit after tax corporate income": 16640,
        "Volume": 12244495,
        "Close of Quarter": 6.4,
        "EPS": 564,
        "Non-adjusted EPS": 564,
        "PE": 11.4,
        "Book Price": 6.4
      }
    },
    {
      "quarter": "Q3 2010",
      "income status": {
        "Net sales": 81272,
        "Cost of goods sold": 48981,
        "Gross Profit": 32290,
        "Financial expenses": 26030,
        "Of which: Interest expense": 19086,
        "Cost of sales": "N/A",
        "Enterprise cost management": 4407,
        "Total Operating Expenses": 30437,
        "Total revenue financing activities": 42,
        "Net profit from business activities": 1896,
        "Profit": -162,
        "Profit before tax": 1734,
        "Present corporate income tax expenses": "N/A",
        "Deferred income taxes expenses": "N/A",
        "The interests of minority shareholders": "N/A",
        "Total Cost of profits": 0,
        "Profit after tax corporate income": 1734,
        "Volume": 12244495,
        "Close of Quarter": 8,
        "EPS": 465,
        "Non-adjusted EPS": 465,
        "PE": 17.2,
        "Book Price": 8.7
      }
    },
    {
      "quarter": "Q2 2010",
      "income status": {
        "Net sales": 64667,
        "Cost of goods sold": 52934,
        "Gross Profit": 11733,
        "Financial expenses": 19701,
        "Of which: Interest expense": 19617,
        "Cost of sales": "N/A",
        "Enterprise cost management": 4353,
        "Total Operating Expenses": 24054,
        "Total revenue financing activities": 653,
        "Net profit from business activities": -11668,
        "Profit": 21,
        "Profit before tax": -11647,
        "Present corporate income tax expenses": "N/A",
        "Deferred income taxes expenses": "N/A",
        "The interests of minority shareholders": "N/A",
        "Total Cost of profits": 0,
        "Profit after tax corporate income": -11647,
        "Volume": 12244495,
        "Close of Quarter": 11.4,
        "EPS": -247,
        "Non-adjusted EPS": -247,
        "PE": -46.2,
        "Book Price": 8.5
      }
    },
    {
      "quarter": "Q1 2010",
      "income status": {
        "Net sales": 67157,
        "Cost of goods sold": 41342,
        "Gross Profit": 25815,
        "Financial expenses": 22098,
        "Of which: Interest expense": 22098,
        "Cost of sales": "N/A",
        "Enterprise cost management": 3457,
        "Total Operating Expenses": 25555,
        "Total revenue financing activities": 26,
        "Net profit from business activities": 286,
        "Profit": -88,
        "Profit before tax": 198,
        "Present corporate income tax expenses": 25,
        "Deferred income taxes expenses": "N/A",
        "The interests of minority shareholders": "N/A",
        "Total Cost of profits": 25,
        "Profit after tax corporate income": 173,
        "Volume": 12244495,
        "Close of Quarter": 12.8,
        "EPS": 84,
        "Non-adjusted EPS": 84,
        "PE": 152.4,
        "Book Price": 9.5
      }
    },
    {
      "quarter": "Q4 2009",
      "income status": {
        "Net sales": 70763,
        "Cost of goods sold": 60410,
        "Gross Profit": 10354,
        "Financial expenses": 24736,
        "Of which: Interest expense": 15278,
        "Cost of sales": "N/A",
        "Enterprise cost management": 3357,
        "Total Operating Expenses": 28093,
        "Total revenue financing activities": 118,
        "Net profit from business activities": -17621,
        "Profit": 33176,
        "Profit before tax": 15556,
        "Present corporate income tax expenses": 122,
        "Deferred income taxes expenses": "N/A",
        "The interests of minority shareholders": "N/A",
        "Total Cost of profits": 122,
        "Profit after tax corporate income": 15433,
        "Volume": 12244495,
        "Close of Quarter": 11.3,
        "EPS": 94,
        "Non-adjusted EPS": 94,
        "PE": 119.7,
        "Book Price": 10.3
      }
    },
    {
      "quarter": "Q3 2009",
      "income status": {
        "Net sales": 70449,
        "Cost of goods sold": 56926,
        "Gross Profit": 13523,
        "Financial expenses": 16999,
        "Of which: Interest expense": 16999,
        "Cost of sales": "N/A",
        "Enterprise cost management": 3552,
        "Total Operating Expenses": 20551,
        "Total revenue financing activities": 50,
        "Net profit from business activities": -6978,
        "Profit": -7,
        "Profit before tax": -6985,
        "Present corporate income tax expenses": "N/A",
        "Deferred income taxes expenses": "N/A",
        "The interests of minority shareholders": "N/A",
        "Total Cost of profits": 0,
        "Profit after tax corporate income": -6985,
        "Volume": 12244495,
        "Close of Quarter": 15.6,
        "EPS": -4297,
        "Non-adjusted EPS": -4297,
        "PE": -3.6,
        "Book Price": 11.9
      }
    },
    {
      "quarter": "Q2 2009",
      "income status": {
        "Net sales": 61436,
        "Cost of goods sold": 44943,
        "Gross Profit": 16492,
        "Financial expenses": 18122,
        "Of which: Interest expense": 18122,
        "Cost of sales": "N/A",
        "Enterprise cost management": 3886,
        "Total Operating Expenses": 22008,
        "Total revenue financing activities": 1489,
        "Net profit from business activities": -4026,
        "Profit": -3565,
        "Profit before tax": -7591,
        "Present corporate income tax expenses": "N/A",
        "Deferred income taxes expenses": "N/A",
        "The interests of minority shareholders": "N/A",
        "Total Cost of profits": 0,
        "Profit after tax corporate income": -7591,
        "Volume": 12244495,
        "Close of Quarter": 10.3,
        "EPS": -3482,
        "Non-adjusted EPS": -3482,
        "PE": -3.0,
        "Book Price": 12.7
      }
    },
    {
      "quarter": "Q1 2009",
      "income status": {
        "Net sales": 72408,
        "Cost of goods sold": 54046,
        "Gross Profit": 18362,
        "Financial expenses": 14881,
        "Of which: Interest expense": 14863,
        "Cost of sales": "N/A",
        "Enterprise cost management": 3406,
        "Total Operating Expenses": 18287,
        "Total revenue financing activities": 242,
        "Net profit from business activities": 317,
        "Profit": 15,
        "Profit before tax": 332,
        "Present corporate income tax expenses": 41,
        "Deferred income taxes expenses": "N/A",
        "The interests of minority shareholders": "N/A",
        "Total Cost of profits": 41,
        "Profit after tax corporate income": 290,
        "Volume": 8920000,
        "Close of Quarter": 7.6,
        "EPS": 1038.8,
        "Non-adjusted EPS": 1426,
        "PE": 5.3,
        "Book Price": 13.3
      }
    },
    {
      "quarter": "Q4 2008",
      "income status": {
        "Net sales": 64083,
        "Cost of goods sold": 45265,
        "Gross Profit": 18818,
        "Financial expenses": 54792,
        "Of which: Interest expense": 16253,
        "Cost of sales": "N/A",
        "Enterprise cost management": 4433,
        "Total Operating Expenses": 59225,
        "Total revenue financing activities": 2171,
        "Net profit from business activities": -38236,
        "Profit": -91,
        "Profit before tax": -38327,
        "Present corporate income tax expenses": "N/A",
        "Deferred income taxes expenses": "N/A",
        "The interests of minority shareholders": "N/A",
        "Total Cost of profits": 0,
        "Profit after tax corporate income": -38327,
        "Volume": 8920000,
        "Close of Quarter": 10.2,
        "EPS": 1195.5,
        "Non-adjusted EPS": 1641,
        "PE": 6.2,
        "Book Price": 12.1
      }
    },
    {
      "quarter": "Q3 2008",
      "income status": {
        "Net sales": 74513,
        "Cost of goods sold": 52689,
        "Gross Profit": 21825,
        "Financial expenses": 14740,
        "Of which: Interest expense": 14740,
        "Cost of sales": "N/A",
        "Enterprise cost management": 5140,
        "Total Operating Expenses": 19880,
        "Total revenue financing activities": 265,
        "Net profit from business activities": 2209,
        "Profit": 785,
        "Profit before tax": 2995,
        "Present corporate income tax expenses": "N/A",
        "Deferred income taxes expenses": "N/A",
        "The interests of minority shareholders": "N/A",
        "Total Cost of profits": 0,
        "Profit after tax corporate income": 2995,
        "Volume": 8920000,
        "Close of Quarter": 19,
        "EPS": 4325.1,
        "Non-adjusted EPS": 5937,
        "PE": 3.2,
        "Book Price": 15.7
      }
    },
    {
      "quarter": "Q2 2008",
      "income status": {
        "Net sales": 79055,
        "Cost of goods sold": 56874,
        "Gross Profit": 22180,
        "Financial expenses": 13661,
        "Of which: Interest expense": "N/A",
        "Cost of sales": "N/A",
        "Enterprise cost management": 4802,
        "Total Operating Expenses": 18463,
        "Total revenue financing activities": 718,
        "Net profit from business activities": 4435,
        "Profit": 43328,
        "Profit before tax": 47763,
        "Present corporate income tax expenses": "N/A",
        "Deferred income taxes expenses": "N/A",
        "The interests of minority shareholders": "N/A",
        "Total Cost of profits": 0,
        "Profit after tax corporate income": 47763,
        "Volume": 8920000,
        "Close of Quarter": "N/A",
        "EPS": 4081,
        "Non-adjusted EPS": 5602,
        "PE": "N/A",
        "Book Price": 16.0
      }
    },
    {
      "quarter": "Q1 2008",
      "income status": {
        "Net sales": 52024,
        "Cost of goods sold": 38590,
        "Gross Profit": 13435,
        "Financial expenses": 6736,
        "Of which: Interest expense": 6724,
        "Cost of sales": "N/A",
        "Enterprise cost management": 4615,
        "Total Operating Expenses": 11351,
        "Total revenue financing activities": 96,
        "Net profit from business activities": 2180,
        "Profit": 25,
        "Profit before tax": 2204,
        "Present corporate income tax expenses": "N/A",
        "Deferred income taxes expenses": "N/A",
        "The interests of minority shareholders": "N/A",
        "Total Cost of profits": 0,
        "Profit after tax corporate income": 2204,
        "Volume": 8920000,
        "Close of Quarter": "N/A",
        "EPS": 179.9,
        "Non-adjusted EPS": 247,
        "PE": "N/A",
        "Book Price": 12.2
      }
    }
  ]
}