{
  "ticker": "CTN",
  "data": [
    {
      "quarter": "Q1 2016",
      "income status": {
        "Net sales": 55956,
        "Cost of goods sold": 52582,
        "Gross Profit": 3375,
        "Financial expenses": 1480,
        "Of which: Interest expense": "N/A",
        "Cost of sales": "N/A",
        "Enterprise cost management": 3620,
        "Total Operating Expenses": 5100,
        "Total revenue financing activities": 13,
        "Net profit from business activities": -1712,
        "Profit": 218,
        "Profit before tax": -1493,
        "Present corporate income tax expenses": -624,
        "Deferred income taxes expenses": "N/A",
        "The interests of minority shareholders": "N/A",
        "Total Cost of profits": -624,
        "Profit after tax corporate income": -869,
        "Volume": 4870845,
        "Close of Quarter": 3,
        "EPS": -10050,
        "Non-adjusted EPS": -10050,
        "PE": -0.3,
        "Book Price": -5.1
      }
    },
    {
      "quarter": "Q4 2015",
      "income status": {
        "Net sales": 111496,
        "Cost of goods sold": 148749,
        "Gross Profit": -37253,
        "Financial expenses": -3979,
        "Of which: Interest expense": -6502,
        "Cost of sales": -3425,
        "Enterprise cost management": 9548,
        "Total Operating Expenses": 2144,
        "Total revenue financing activities": 7,
        "Net profit from business activities": -39391,
        "Profit": -12380,
        "Profit before tax": -51771,
        "Present corporate income tax expenses": "N/A",
        "Deferred income taxes expenses": "N/A",
        "The interests of minority shareholders": "N/A",
        "Total Cost of profits": 0,
        "Profit after tax corporate income": -37096,
        "Volume": 4870845,
        "Close of Quarter": 2.4,
        "EPS": -10747,
        "Non-adjusted EPS": -10747,
        "PE": -0.2,
        "Book Price": -5
      }
    },
    {
      "quarter": "Q3 2015",
      "income status": {
        "Net sales": 68805,
        "Cost of goods sold": 68460,
        "Gross Profit": 344,
        "Financial expenses": 2825,
        "Of which: Interest expense": "N/A",
        "Cost of sales": 3425,
        "Enterprise cost management": "N/A",
        "Total Operating Expenses": 6250,
        "Total revenue financing activities": 998,
        "Net profit from business activities": -4907,
        "Profit": -512,
        "Profit before tax": -5419,
        "Present corporate income tax expenses": "N/A",
        "Deferred income taxes expenses": "N/A",
        "The interests of minority shareholders": "N/A",
        "Total Cost of profits": 0,
        "Profit after tax corporate income": -5419,
        "Volume": 4870845,
        "Close of Quarter": 3.6,
        "EPS": -5989,
        "Non-adjusted EPS": -5989,
        "PE": -0.6,
        "Book Price": 2.6
      }
    },
    {
      "quarter": "Q2 2015",
      "income status": {
        "Net sales": 14839,
        "Cost of goods sold": 15885,
        "Gross Profit": -1046,
        "Financial expenses": 3020,
        "Of which: Interest expense": 6502,
        "Cost of sales": "N/A",
        "Enterprise cost management": 2809,
        "Total Operating Expenses": 5829,
        "Total revenue financing activities": 933,
        "Net profit from business activities": -5943,
        "Profit": 374,
        "Profit before tax": -5569,
        "Present corporate income tax expenses": "N/A",
        "Deferred income taxes expenses": "N/A",
        "The interests of minority shareholders": "N/A",
        "Total Cost of profits": 0,
        "Profit after tax corporate income": -5569,
        "Volume": 4870845,
        "Close of Quarter": 3.6,
        "EPS": -10409,
        "Non-adjusted EPS": -10409,
        "PE": -0.4,
        "Book Price": 3.7
      }
    },
    {
      "quarter": "Q1 2015",
      "income status": {
        "Net sales": 15975,
        "Cost of goods sold": 15518,
        "Gross Profit": 457,
        "Financial expenses": 3389,
        "Of which: Interest expense": "N/A",
        "Cost of sales": "N/A",
        "Enterprise cost management": 3194,
        "Total Operating Expenses": 6583,
        "Total revenue financing activities": 1699,
        "Net profit from business activities": -4427,
        "Profit": 162,
        "Profit before tax": -4265,
        "Present corporate income tax expenses": "N/A",
        "Deferred income taxes expenses": "N/A",
        "The interests of minority shareholders": "N/A",
        "Total Cost of profits": 0,
        "Profit after tax corporate income": -4265,
        "Volume": 4870845,
        "Close of Quarter": 5.5,
        "EPS": -10252,
        "Non-adjusted EPS": -10252,
        "PE": -0.5,
        "Book Price": 4.9
      }
    },
    {
      "quarter": "Q4 2014",
      "income status": {
        "Net sales": 9665,
        "Cost of goods sold": 20070,
        "Gross Profit": -10405,
        "Financial expenses": 3527,
        "Of which: Interest expense": "N/A",
        "Cost of sales": "N/A",
        "Enterprise cost management": 2882,
        "Total Operating Expenses": 6409,
        "Total revenue financing activities": 2191,
        "Net profit from business activities": -14623,
        "Profit": 705,
        "Profit before tax": -13918,
        "Present corporate income tax expenses": "N/A",
        "Deferred income taxes expenses": "N/A",
        "The interests of minority shareholders": "N/A",
        "Total Cost of profits": 0,
        "Profit after tax corporate income": -13918,
        "Volume": 4870845,
        "Close of Quarter": 5.7,
        "EPS": -11087,
        "Non-adjusted EPS": -11087,
        "PE": -0.5,
        "Book Price": 6.5
      }
    },
    {
      "quarter": "Q3 2014",
      "income status": {
        "Net sales": 13225,
        "Cost of goods sold": 35543,
        "Gross Profit": -22318,
        "Financial expenses": 3046,
        "Of which: Interest expense": "N/A",
        "Cost of sales": "N/A",
        "Enterprise cost management": 1679,
        "Total Operating Expenses": 4725,
        "Total revenue financing activities": 58,
        "Net profit from business activities": -26985,
        "Profit": 36,
        "Profit before tax": -26949,
        "Present corporate income tax expenses": "N/A",
        "Deferred income taxes expenses": "N/A",
        "The interests of minority shareholders": "N/A",
        "Total Cost of profits": 0,
        "Profit after tax corporate income": -26949,
        "Volume": 4870845,
        "Close of Quarter": 8,
        "EPS": -8304,
        "Non-adjusted EPS": -8304,
        "PE": -1.0,
        "Book Price": 9.4
      }
    },
    {
      "quarter": "Q2 2014",
      "income status": {
        "Net sales": 9603,
        "Cost of goods sold": 12014,
        "Gross Profit": -2411,
        "Financial expenses": 691,
        "Of which: Interest expense": 6093,
        "Cost of sales": "N/A",
        "Enterprise cost management": 1713,
        "Total Operating Expenses": 2404,
        "Total revenue financing activities": 13,
        "Net profit from business activities": -4803,
        "Profit": "N/A",
        "Profit before tax": -4803,
        "Present corporate income tax expenses": "N/A",
        "Deferred income taxes expenses": "N/A",
        "The interests of minority shareholders": "N/A",
        "Total Cost of profits": 0,
        "Profit after tax corporate income": -4803,
        "Volume": 6887745,
        "Close of Quarter": 5.3,
        "EPS": -2782.9,
        "Non-adjusted EPS": -1968,
        "PE": -2.7,
        "Book Price": 19.1
      }
    },
    {
      "quarter": "Q1 2014",
      "income status": {
        "Net sales": 1353,
        "Cost of goods sold": 7949,
        "Gross Profit": -6596,
        "Financial expenses": -235,
        "Of which: Interest expense": "N/A",
        "Cost of sales": "N/A",
        "Enterprise cost management": 2033,
        "Total Operating Expenses": 1798,
        "Total revenue financing activities": 58,
        "Net profit from business activities": -8335,
        "Profit": "N/A",
        "Profit before tax": -8335,
        "Present corporate income tax expenses": "N/A",
        "Deferred income taxes expenses": "N/A",
        "The interests of minority shareholders": "N/A",
        "Total Cost of profits": 0,
        "Profit after tax corporate income": -8335,
        "Volume": 6887745,
        "Close of Quarter": 8.7,
        "EPS": -1844.0,
        "Non-adjusted EPS": -1304,
        "PE": -6.6,
        "Book Price": 20.1
      }
    },
    {
      "quarter": "Q4 2013",
      "income status": {
        "Net sales": 14548,
        "Cost of goods sold": 13044,
        "Gross Profit": 1504,
        "Financial expenses": 1340,
        "Of which: Interest expense": "N/A",
        "Cost of sales": "N/A",
        "Enterprise cost management": 2073,
        "Total Operating Expenses": 3413,
        "Total revenue financing activities": 37,
        "Net profit from business activities": -1871,
        "Profit": 1391,
        "Profit before tax": -480,
        "Present corporate income tax expenses": -120,
        "Deferred income taxes expenses": "N/A",
        "The interests of minority shareholders": "N/A",
        "Total Cost of profits": -120,
        "Profit after tax corporate income": -360,
        "Volume": 6887745,
        "Close of Quarter": 5.9,
        "EPS": -41.0,
        "Non-adjusted EPS": -29,
        "PE": -202.4,
        "Book Price": 22.2
      }
    },
    {
      "quarter": "Q3 2013",
      "income status": {
        "Net sales": 74244,
        "Cost of goods sold": 69189,
        "Gross Profit": 5055,
        "Financial expenses": 3570,
        "Of which: Interest expense": 3570,
        "Cost of sales": "N/A",
        "Enterprise cost management": 2271,
        "Total Operating Expenses": 5841,
        "Total revenue financing activities": 54,
        "Net profit from business activities": -732,
        "Profit": 636,
        "Profit before tax": -95,
        "Present corporate income tax expenses": -35,
        "Deferred income taxes expenses": "N/A",
        "The interests of minority shareholders": "N/A",
        "Total Cost of profits": -35,
        "Profit after tax corporate income": -60,
        "Volume": 6887745,
        "Close of Quarter": 4.8,
        "EPS": -111.7,
        "Non-adjusted EPS": -79,
        "PE": -60.9,
        "Book Price": 22.2
      }
    },
    {
      "quarter": "Q2 2013",
      "income status": {
        "Net sales": 65152,
        "Cost of goods sold": 59183,
        "Gross Profit": 5969,
        "Financial expenses": 4287,
        "Of which: Interest expense": 3163,
        "Cost of sales": "N/A",
        "Enterprise cost management": 2253,
        "Total Operating Expenses": 6540,
        "Total revenue financing activities": 90,
        "Net profit from business activities": -481,
        "Profit": 165,
        "Profit before tax": -316,
        "Present corporate income tax expenses": -91,
        "Deferred income taxes expenses": "N/A",
        "The interests of minority shareholders": "N/A",
        "Total Cost of profits": -91,
        "Profit after tax corporate income": -224,
        "Volume": 6887745,
        "Close of Quarter": 4.2,
        "EPS": -87.7,
        "Non-adjusted EPS": -62,
        "PE": -68.2,
        "Book Price": 22.1
      }
    },
    {
      "quarter": "Q1 2013",
      "income status": {
        "Net sales": 54858,
        "Cost of goods sold": 50594,
        "Gross Profit": 4265,
        "Financial expenses": 5520,
        "Of which: Interest expense": 5520,
        "Cost of sales": "N/A",
        "Enterprise cost management": 2137,
        "Total Operating Expenses": 7657,
        "Total revenue financing activities": 178,
        "Net profit from business activities": -3215,
        "Profit": 3803,
        "Profit before tax": 589,
        "Present corporate income tax expenses": 147,
        "Deferred income taxes expenses": "N/A",
        "The interests of minority shareholders": "N/A",
        "Total Cost of profits": 147,
        "Profit after tax corporate income": 441,
        "Volume": 6887745,
        "Close of Quarter": 4.7,
        "EPS": -137.2,
        "Non-adjusted EPS": -97,
        "PE": -48.6,
        "Book Price": 22.2
      }
    },
    {
      "quarter": "Q4 2012",
      "income status": {
        "Net sales": 65345,
        "Cost of goods sold": 52859,
        "Gross Profit": 12485,
        "Financial expenses": 9108,
        "Of which: Interest expense": "N/A",
        "Cost of sales": "N/A",
        "Enterprise cost management": 3513,
        "Total Operating Expenses": 12621,
        "Total revenue financing activities": 141,
        "Net profit from business activities": 5,
        "Profit": -686,
        "Profit before tax": -681,
        "Present corporate income tax expenses": 23,
        "Deferred income taxes expenses": "N/A",
        "The interests of minority shareholders": "N/A",
        "Total Cost of profits": 23,
        "Profit after tax corporate income": -704,
        "Volume": 6887745,
        "Close of Quarter": 4.2,
        "EPS": 229.1,
        "Non-adjusted EPS": 162,
        "PE": 26.1,
        "Book Price": 22.1
      }
    },
    {
      "quarter": "Q3 2012",
      "income status": {
        "Net sales": 88444,
        "Cost of goods sold": 77997,
        "Gross Profit": 10447,
        "Financial expenses": 6118,
        "Of which: Interest expense": "N/A",
        "Cost of sales": "N/A",
        "Enterprise cost management": 3940,
        "Total Operating Expenses": 10058,
        "Total revenue financing activities": 6,
        "Net profit from business activities": 395,
        "Profit": -321,
        "Profit before tax": 75,
        "Present corporate income tax expenses": 13,
        "Deferred income taxes expenses": "N/A",
        "The interests of minority shareholders": "N/A",
        "Total Cost of profits": 13,
        "Profit after tax corporate income": 62,
        "Volume": 6887745,
        "Close of Quarter": 4.1,
        "EPS": 448.3,
        "Non-adjusted EPS": 317,
        "PE": 13.0,
        "Book Price": 20.9
      }
    },
    {
      "quarter": "Q2 2012",
      "income status": {
        "Net sales": 66949,
        "Cost of goods sold": 53067,
        "Gross Profit": 13882,
        "Financial expenses": 11481,
        "Of which: Interest expense": 10589,
        "Cost of sales": "N/A",
        "Enterprise cost management": 4462,
        "Total Operating Expenses": 15943,
        "Total revenue financing activities": 155,
        "Net profit from business activities": -1907,
        "Profit": 1157,
        "Profit before tax": -750,
        "Present corporate income tax expenses": -282,
        "Deferred income taxes expenses": "N/A",
        "The interests of minority shareholders": "N/A",
        "Total Cost of profits": -282,
        "Profit after tax corporate income": -468,
        "Volume": 6887745,
        "Close of Quarter": 5.1,
        "EPS": 1399.9,
        "Non-adjusted EPS": 990,
        "PE": 5.2,
        "Book Price": 20.9
      }
    },
    {
      "quarter": "Q1 2012",
      "income status": {
        "Net sales": 124705,
        "Cost of goods sold": 116054,
        "Gross Profit": 8652,
        "Financial expenses": 2269,
        "Of which: Interest expense": 5026,
        "Cost of sales": "N/A",
        "Enterprise cost management": 3468,
        "Total Operating Expenses": 5737,
        "Total revenue financing activities": 54,
        "Net profit from business activities": 2968,
        "Profit": "N/A",
        "Profit before tax": 2968,
        "Present corporate income tax expenses": 742,
        "Deferred income taxes expenses": "N/A",
        "The interests of minority shareholders": "N/A",
        "Total Cost of profits": 742,
        "Profit after tax corporate income": 2226,
        "Volume": 6887745,
        "Close of Quarter": 4.6,
        "EPS": 1006.8,
        "Non-adjusted EPS": 712,
        "PE": 6.5,
        "Book Price": 21.1
      }
    },
    {
      "quarter": "Q4 2011",
      "income status": {
        "Net sales": 118335,
        "Cost of goods sold": 102353,
        "Gross Profit": 15982,
        "Financial expenses": 13129,
        "Of which: Interest expense": "N/A",
        "Cost of sales": "N/A",
        "Enterprise cost management": 3757,
        "Total Operating Expenses": 16886,
        "Total revenue financing activities": 127,
        "Net profit from business activities": -777,
        "Profit": 911,
        "Profit before tax": 134,
        "Present corporate income tax expenses": -226,
        "Deferred income taxes expenses": "N/A",
        "The interests of minority shareholders": "N/A",
        "Total Cost of profits": -226,
        "Profit after tax corporate income": 360,
        "Volume": 6261590,
        "Close of Quarter": 3.6,
        "EPS": 776.5,
        "Non-adjusted EPS": 604,
        "PE": 5.9,
        "Book Price": 20.7
      }
    },
    {
      "quarter": "Q3 2011",
      "income status": {
        "Net sales": 93422,
        "Cost of goods sold": 78616,
        "Gross Profit": 14806,
        "Financial expenses": 7199,
        "Of which: Interest expense": "N/A",
        "Cost of sales": "N/A",
        "Enterprise cost management": 3336,
        "Total Operating Expenses": 10535,
        "Total revenue financing activities": 1182,
        "Net profit from business activities": 5452,
        "Profit": -93,
        "Profit before tax": 5360,
        "Present corporate income tax expenses": 661,
        "Deferred income taxes expenses": "N/A",
        "The interests of minority shareholders": "N/A",
        "Total Cost of profits": 661,
        "Profit after tax corporate income": 4699,
        "Volume": 6261590,
        "Close of Quarter": 5.5,
        "EPS": 1263.7,
        "Non-adjusted EPS": 983,
        "PE": 5.6,
        "Book Price": 20.7
      }
    },
    {
      "quarter": "Q2 2011",
      "income status": {
        "Net sales": 93158,
        "Cost of goods sold": 79017,
        "Gross Profit": 14141,
        "Financial expenses": 13758,
        "Of which: Interest expense": "N/A",
        "Cost of sales": "N/A",
        "Enterprise cost management": 4766,
        "Total Operating Expenses": 18524,
        "Total revenue financing activities": 1155,
        "Net profit from business activities": -3227,
        "Profit": 847,
        "Profit before tax": -2380,
        "Present corporate income tax expenses": "N/A",
        "Deferred income taxes expenses": "N/A",
        "The interests of minority shareholders": "N/A",
        "Total Cost of profits": 0,
        "Profit after tax corporate income": -2380,
        "Volume": 6261590,
        "Close of Quarter": 6.1,
        "EPS": 803.5,
        "Non-adjusted EPS": 625,
        "PE": 9.8,
        "Book Price": 22.6
      }
    },
    {
      "quarter": "Q1 2011",
      "income status": {
        "Net sales": 53801,
        "Cost of goods sold": 45362,
        "Gross Profit": 8440,
        "Financial expenses": 4812,
        "Of which: Interest expense": "N/A",
        "Cost of sales": "N/A",
        "Enterprise cost management": 2567,
        "Total Operating Expenses": 7379,
        "Total revenue financing activities": 409,
        "Net profit from business activities": 1469,
        "Profit": "N/A",
        "Profit before tax": 1469,
        "Present corporate income tax expenses": 367,
        "Deferred income taxes expenses": "N/A",
        "The interests of minority shareholders": "N/A",
        "Total Cost of profits": 367,
        "Profit after tax corporate income": 1102,
        "Volume": 6261590,
        "Close of Quarter": 8.6,
        "EPS": 1686.6,
        "Non-adjusted EPS": 1312,
        "PE": 6.6,
        "Book Price": 22.9
      }
    },
    {
      "quarter": "Q4 2010",
      "income status": {
        "Net sales": 123898,
        "Cost of goods sold": 109914,
        "Gross Profit": 13983,
        "Financial expenses": 7187,
        "Of which: Interest expense": "N/A",
        "Cost of sales": "N/A",
        "Enterprise cost management": 4925,
        "Total Operating Expenses": 12112,
        "Total revenue financing activities": 436,
        "Net profit from business activities": 2307,
        "Profit": 1334,
        "Profit before tax": 3642,
        "Present corporate income tax expenses": 906,
        "Deferred income taxes expenses": "N/A",
        "The interests of minority shareholders": "N/A",
        "Total Cost of profits": 906,
        "Profit after tax corporate income": 2735,
        "Volume": 4814400,
        "Close of Quarter": 10.9,
        "EPS": 2929.7,
        "Non-adjusted EPS": 2964,
        "PE": 3.7,
        "Book Price": 23.0
      }
    },
    {
      "quarter": "Q3 2010",
      "income status": {
        "Net sales": 66301,
        "Cost of goods sold": 54244,
        "Gross Profit": 12057,
        "Financial expenses": 5429,
        "Of which: Interest expense": "N/A",
        "Cost of sales": "N/A",
        "Enterprise cost management": 3565,
        "Total Operating Expenses": 8994,
        "Total revenue financing activities": 213,
        "Net profit from business activities": 3276,
        "Profit": "N/A",
        "Profit before tax": 3276,
        "Present corporate income tax expenses": 819,
        "Deferred income taxes expenses": "N/A",
        "The interests of minority shareholders": "N/A",
        "Total Cost of profits": 819,
        "Profit after tax corporate income": 2457,
        "Volume": 4814400,
        "Close of Quarter": 16.6,
        "EPS": 3211.4,
        "Non-adjusted EPS": 3249,
        "PE": 5.1,
        "Book Price": 21.7
      }
    },
    {
      "quarter": "Q2 2010",
      "income status": {
        "Net sales": 87767,
        "Cost of goods sold": 77227,
        "Gross Profit": 10541,
        "Financial expenses": 6887,
        "Of which: Interest expense": "N/A",
        "Cost of sales": "N/A",
        "Enterprise cost management": 4465,
        "Total Operating Expenses": 11352,
        "Total revenue financing activities": 2846,
        "Net profit from business activities": 2035,
        "Profit": 221,
        "Profit before tax": 2256,
        "Present corporate income tax expenses": 334,
        "Deferred income taxes expenses": "N/A",
        "The interests of minority shareholders": "N/A",
        "Total Cost of profits": 334,
        "Profit after tax corporate income": 1921,
        "Volume": 4814400,
        "Close of Quarter": 17.9,
        "EPS": 3350.7,
        "Non-adjusted EPS": 3390,
        "PE": 5.3,
        "Book Price": 21.8
      }
    },
    {
      "quarter": "Q1 2010",
      "income status": {
        "Net sales": 42794,
        "Cost of goods sold": 35547,
        "Gross Profit": 7247,
        "Financial expenses": 3979,
        "Of which: Interest expense": "N/A",
        "Cost of sales": "N/A",
        "Enterprise cost management": 3319,
        "Total Operating Expenses": 7298,
        "Total revenue financing activities": 9573,
        "Net profit from business activities": 9522,
        "Profit": 18,
        "Profit before tax": 9540,
        "Present corporate income tax expenses": 2385,
        "Deferred income taxes expenses": "N/A",
        "The interests of minority shareholders": "N/A",
        "Total Cost of profits": 2385,
        "Profit after tax corporate income": 7155,
        "Volume": 4814400,
        "Close of Quarter": 15.7,
        "EPS": 3697.7,
        "Non-adjusted EPS": 3741,
        "PE": 4.2,
        "Book Price": 23.4
      }
    },
    {
      "quarter": "Q4 2009",
      "income status": {
        "Net sales": 173289,
        "Cost of goods sold": 159972,
        "Gross Profit": 13317,
        "Financial expenses": 3642,
        "Of which: Interest expense": "N/A",
        "Cost of sales": "N/A",
        "Enterprise cost management": 4407,
        "Total Operating Expenses": 8049,
        "Total revenue financing activities": 618,
        "Net profit from business activities": 5886,
        "Profit": -199,
        "Profit before tax": 5686,
        "Present corporate income tax expenses": 1578,
        "Deferred income taxes expenses": "N/A",
        "The interests of minority shareholders": "N/A",
        "Total Cost of profits": 1578,
        "Profit after tax corporate income": 4109,
        "Volume": 4814400,
        "Close of Quarter": 16.3,
        "EPS": 2448.3,
        "Non-adjusted EPS": 2477,
        "PE": 6.6,
        "Book Price": 21.9
      }
    },
    {
      "quarter": "Q3 2009",
      "income status": {
        "Net sales": 158558,
        "Cost of goods sold": 147636,
        "Gross Profit": 10923,
        "Financial expenses": 2139,
        "Of which: Interest expense": "N/A",
        "Cost of sales": "N/A",
        "Enterprise cost management": 4337,
        "Total Operating Expenses": 6476,
        "Total revenue financing activities": 245,
        "Net profit from business activities": 4691,
        "Profit": 58,
        "Profit before tax": 4749,
        "Present corporate income tax expenses": 1615,
        "Deferred income taxes expenses": "N/A",
        "The interests of minority shareholders": "N/A",
        "Total Cost of profits": 1615,
        "Profit after tax corporate income": 3134,
        "Volume": 4814400,
        "Close of Quarter": 15.2,
        "EPS": 1923.5,
        "Non-adjusted EPS": 1946,
        "PE": 7.8,
        "Book Price": 21.5
      }
    },
    {
      "quarter": "Q2 2009",
      "income status": {
        "Net sales": 96473,
        "Cost of goods sold": 85600,
        "Gross Profit": 10873,
        "Financial expenses": 3779,
        "Of which: Interest expense": "N/A",
        "Cost of sales": "N/A",
        "Enterprise cost management": 2271,
        "Total Operating Expenses": 6050,
        "Total revenue financing activities": 856,
        "Net profit from business activities": 5679,
        "Profit": 611,
        "Profit before tax": 6289,
        "Present corporate income tax expenses": 2675,
        "Deferred income taxes expenses": "N/A",
        "The interests of minority shareholders": "N/A",
        "Total Cost of profits": 2675,
        "Profit after tax corporate income": 3614,
        "Volume": 4814400,
        "Close of Quarter": 8.0,
        "EPS": 1985.7,
        "Non-adjusted EPS": 2009,
        "PE": 4.0,
        "Book Price": 20.9
      }
    },
    {
      "quarter": "Q1 2009",
      "income status": {
        "Net sales": 82562,
        "Cost of goods sold": 76774,
        "Gross Profit": 5788,
        "Financial expenses": 1451,
        "Of which: Interest expense": "N/A",
        "Cost of sales": "N/A",
        "Enterprise cost management": 2919,
        "Total Operating Expenses": 4370,
        "Total revenue financing activities": 74,
        "Net profit from business activities": 1492,
        "Profit": -66,
        "Profit before tax": 1426,
        "Present corporate income tax expenses": 356,
        "Deferred income taxes expenses": "N/A",
        "The interests of minority shareholders": "N/A",
        "Total Cost of profits": 356,
        "Profit after tax corporate income": 1069,
        "Volume": 4814400,
        "Close of Quarter": 5.8,
        "EPS": 1824.6,
        "Non-adjusted EPS": 1846,
        "PE": 3.1,
        "Book Price": 20.2
      }
    },
    {
      "quarter": "Q4 2008",
      "income status": {
        "Net sales": 154074,
        "Cost of goods sold": 138020,
        "Gross Profit": 16055,
        "Financial expenses": 10848,
        "Of which: Interest expense": "N/A",
        "Cost of sales": "N/A",
        "Enterprise cost management": 3664,
        "Total Operating Expenses": 14512,
        "Total revenue financing activities": 366,
        "Net profit from business activities": 1908,
        "Profit": -104,
        "Profit before tax": 1804,
        "Present corporate income tax expenses": 252,
        "Deferred income taxes expenses": "N/A",
        "The interests of minority shareholders": "N/A",
        "Total Cost of profits": 252,
        "Profit after tax corporate income": 1551,
        "Volume": 4814400,
        "Close of Quarter": 5.7,
        "EPS": 2137.0,
        "Non-adjusted EPS": 2162,
        "PE": 2.7,
        "Book Price": 22.1
      }
    },
    {
      "quarter": "Q3 2008",
      "income status": {
        "Net sales": 121704,
        "Cost of goods sold": 113040,
        "Gross Profit": 8665,
        "Financial expenses": 2717,
        "Of which: Interest expense": "N/A",
        "Cost of sales": "N/A",
        "Enterprise cost management": 2199,
        "Total Operating Expenses": 4916,
        "Total revenue financing activities": 145,
        "Net profit from business activities": 3894,
        "Profit": 105,
        "Profit before tax": 3999,
        "Present corporate income tax expenses": 560,
        "Deferred income taxes expenses": "N/A",
        "The interests of minority shareholders": "N/A",
        "Total Cost of profits": 560,
        "Profit after tax corporate income": 3439,
        "Volume": 4814400,
        "Close of Quarter": 6.8,
        "EPS": 3253.9,
        "Non-adjusted EPS": 3292,
        "PE": 2.1,
        "Book Price": 21.9
      }
    },
    {
      "quarter": "Q2 2008",
      "income status": {
        "Net sales": 89039,
        "Cost of goods sold": 83492,
        "Gross Profit": 5547,
        "Financial expenses": 1088,
        "Of which: Interest expense": "N/A",
        "Cost of sales": "N/A",
        "Enterprise cost management": 1963,
        "Total Operating Expenses": 3051,
        "Total revenue financing activities": 317,
        "Net profit from business activities": 2814,
        "Profit": 476,
        "Profit before tax": 3289,
        "Present corporate income tax expenses": 460,
        "Deferred income taxes expenses": "N/A",
        "The interests of minority shareholders": "N/A",
        "Total Cost of profits": 460,
        "Profit after tax corporate income": 2829,
        "Volume": 4819500,
        "Close of Quarter": 6.9,
        "EPS": 3447.3,
        "Non-adjusted EPS": 3484,
        "PE": 2.0,
        "Book Price": 21.4
      }
    },
    {
      "quarter": "Q1 2008",
      "income status": {
        "Net sales": 93064,
        "Cost of goods sold": 87398,
        "Gross Profit": 5666,
        "Financial expenses": 987,
        "Of which: Interest expense": "N/A",
        "Cost of sales": "N/A",
        "Enterprise cost management": 2698,
        "Total Operating Expenses": 3685,
        "Total revenue financing activities": 1026,
        "Net profit from business activities": 3008,
        "Profit": 1,
        "Profit before tax": 3009,
        "Present corporate income tax expenses": 421,
        "Deferred income taxes expenses": "N/A",
        "The interests of minority shareholders": "N/A",
        "Total Cost of profits": 421,
        "Profit after tax corporate income": 2588,
        "Volume": 4840000,
        "Close of Quarter": 11.3,
        "EPS": 3436.1,
        "Non-adjusted EPS": 3458,
        "PE": 3.3,
        "Book Price": 20.8
      }
    },
    {
      "quarter": "Q4 2007",
      "income status": {
        "Net sales": 141933,
        "Cost of goods sold": 125883,
        "Gross Profit": 16050,
        "Financial expenses": 4519,
        "Of which: Interest expense": "N/A",
        "Cost of sales": "N/A",
        "Enterprise cost management": 4390,
        "Total Operating Expenses": 8909,
        "Total revenue financing activities": 531,
        "Net profit from business activities": 7671,
        "Profit": 460,
        "Profit before tax": 8131,
        "Present corporate income tax expenses": 1138,
        "Deferred income taxes expenses": "N/A",
        "The interests of minority shareholders": "N/A",
        "Total Cost of profits": 1138,
        "Profit after tax corporate income": 6992,
        "Volume": 4840000,
        "Close of Quarter": 23.8,
        "EPS": 3235.4,
        "Non-adjusted EPS": 3256,
        "PE": 7.3,
        "Book Price": 20.9
      }
    },
    {
      "quarter": "Q3 2007",
      "income status": {
        "Net sales": 81955,
        "Cost of goods sold": 72596,
        "Gross Profit": 9359,
        "Financial expenses": 2497,
        "Of which: Interest expense": "N/A",
        "Cost of sales": "N/A",
        "Enterprise cost management": 2357,
        "Total Operating Expenses": 4854,
        "Total revenue financing activities": 447,
        "Net profit from business activities": 4952,
        "Profit": 145,
        "Profit before tax": 5097,
        "Present corporate income tax expenses": 714,
        "Deferred income taxes expenses": "N/A",
        "The interests of minority shareholders": "N/A",
        "Total Cost of profits": 714,
        "Profit after tax corporate income": 4384,
        "Volume": 2955000,
        "Close of Quarter": 21,
        "EPS": 2685.1,
        "Non-adjusted EPS": 4426,
        "PE": 4.7,
        "Book Price": 11.5
      }
    },
    {
      "quarter": "Q2 2007",
      "income status": {
        "Net sales": 52979,
        "Cost of goods sold": 47150,
        "Gross Profit": 5830,
        "Financial expenses": 1786,
        "Of which: Interest expense": "N/A",
        "Cost of sales": "N/A",
        "Enterprise cost management": 1227,
        "Total Operating Expenses": 3013,
        "Total revenue financing activities": 260,
        "Net profit from business activities": 3077,
        "Profit": 145,
        "Profit before tax": 3222,
        "Present corporate income tax expenses": 451,
        "Deferred income taxes expenses": "N/A",
        "The interests of minority shareholders": "N/A",
        "Total Cost of profits": 451,
        "Profit after tax corporate income": 2771,
        "Volume": 3000000,
        "Close of Quarter": 24.4,
        "EPS": 2153.2,
        "Non-adjusted EPS": 3496,
        "PE": 7.0,
        "Book Price": 10.8
      }
    },
    {
      "quarter": "Q1 2007",
      "income status": {
        "Net sales": 28976,
        "Cost of goods sold": 25446,
        "Gross Profit": 3529,
        "Financial expenses": 711,
        "Of which: Interest expense": "N/A",
        "Cost of sales": "N/A",
        "Enterprise cost management": 1130,
        "Total Operating Expenses": 1841,
        "Total revenue financing activities": 187,
        "Net profit from business activities": 1876,
        "Profit": "N/A",
        "Profit before tax": 1876,
        "Present corporate income tax expenses": 263,
        "Deferred income taxes expenses": "N/A",
        "The interests of minority shareholders": "N/A",
        "Total Cost of profits": 263,
        "Profit after tax corporate income": 1613,
        "Volume": 3000000,
        "Close of Quarter": 33.7,
        "EPS": 1584.1,
        "Non-adjusted EPS": 2572,
        "PE": 13.1,
        "Book Price": 10.4
      }
    },
    {
      "quarter": "Q4 2006",
      "income status": {
        "Net sales": 116418,
        "Cost of goods sold": 108076,
        "Gross Profit": 8341,
        "Financial expenses": 2150,
        "Of which: Interest expense": "N/A",
        "Cost of sales": "N/A",
        "Enterprise cost management": 1550,
        "Total Operating Expenses": 3700,
        "Total revenue financing activities": 364,
        "Net profit from business activities": 5005,
        "Profit": 7,
        "Profit before tax": 5012,
        "Present corporate income tax expenses": 702,
        "Deferred income taxes expenses": "N/A",
        "The interests of minority shareholders": "N/A",
        "Total Cost of profits": 702,
        "Profit after tax corporate income": 4310,
        "Volume": 3000000,
        "Close of Quarter": 14.9,
        "EPS": 1253.4,
        "Non-adjusted EPS": 2035,
        "PE": 7.3,
        "Book Price": 11.0
      }
    },
    {
      "quarter": "Q3 2006",
      "income status": {
        "Net sales": 14032,
        "Cost of goods sold": 10259,
        "Gross Profit": 3773,
        "Financial expenses": "N/A",
        "Of which: Interest expense": "N/A",
        "Cost of sales": 917,
        "Enterprise cost management": 1319,
        "Total Operating Expenses": 2236,
        "Total revenue financing activities": 38,
        "Net profit from business activities": 1574,
        "Profit": "N/A",
        "Profit before tax": 1574,
        "Present corporate income tax expenses": "N/A",
        "Deferred income taxes expenses": "N/A",
        "The interests of minority shareholders": -220,
        "Total Cost of profits": -220,
        "Profit after tax corporate income": 1794,
        "Volume": 3000000,
        "Close of Quarter": "N/A",
        "EPS": 368.3,
        "Non-adjusted EPS": 598,
        "PE": "N/A",
        "Book Price": 5.1
      }
    }
  ]
}