{
  "ticker": "BIC",
  "data": [
    {
      "quarter": "Q1 2017",
      "income status": {
        "Net sales": 332090,
        "Cost of goods sold": 254702,
        "Gross Profit": 77388,
        "Financial expenses": "N/A",
        "Of which: Interest expense": "N/A",
        "Cost of sales": "N/A",
        "Enterprise cost management": 79545,
        "Total Operating Expenses": 79545,
        "Total revenue financing activities": "N/A",
        "Net profit from business activities": -2158,
        "Profit": 53815,
        "Profit before tax": 51658,
        "Present corporate income tax expenses": "N/A",
        "Deferred income taxes expenses": "N/A",
        "The interests of minority shareholders": 655,
        "Total Cost of profits": 655,
        "Profit after tax corporate income": 44297,
        "Volume": 117276895,
        "Close of Quarter": 38.9,
        "EPS": 1128,
        "Non-adjusted EPS": 1128,
        "PE": 34.5,
        "Book Price": 17.7
      }
    },
    {
      "quarter": "Q4 2016",
      "income status": {
        "Net sales": 324409,
        "Cost of goods sold": 262042,
        "Gross Profit": 62367,
        "Financial expenses": "N/A",
        "Of which: Interest expense": "N/A",
        "Cost of sales": "N/A",
        "Enterprise cost management": 65939,
        "Total Operating Expenses": 65939,
        "Total revenue financing activities": "N/A",
        "Net profit from business activities": -3571,
        "Profit": 31223,
        "Profit before tax": 27651,
        "Present corporate income tax expenses": "N/A",
        "Deferred income taxes expenses": "N/A",
        "The interests of minority shareholders": 2002,
        "Total Cost of profits": 2002,
        "Profit after tax corporate income": 19493,
        "Volume": 117276895,
        "Close of Quarter": 37.3,
        "EPS": 1082,
        "Non-adjusted EPS": 1082,
        "PE": 34.5,
        "Book Price": 17.4
      }
    },
    {
      "quarter": "Q3 2016",
      "income status": {
        "Net sales": 295155,
        "Cost of goods sold": 235716,
        "Gross Profit": 59439,
        "Financial expenses": "N/A",
        "Of which: Interest expense": "N/A",
        "Cost of sales": "N/A",
        "Enterprise cost management": 65777,
        "Total Operating Expenses": 65777,
        "Total revenue financing activities": "N/A",
        "Net profit from business activities": -6338,
        "Profit": 53915,
        "Profit before tax": 47576,
        "Present corporate income tax expenses": "N/A",
        "Deferred income taxes expenses": "N/A",
        "The interests of minority shareholders": 1822,
        "Total Cost of profits": 1822,
        "Profit after tax corporate income": 36924,
        "Volume": 117276895,
        "Close of Quarter": 35.6,
        "EPS": 1352,
        "Non-adjusted EPS": 1352,
        "PE": 26.3,
        "Book Price": 17.2
      }
    },
    {
      "quarter": "Q2 2016",
      "income status": {
        "Net sales": 310017,
        "Cost of goods sold": 243852,
        "Gross Profit": 66166,
        "Financial expenses": "N/A",
        "Of which: Interest expense": "N/A",
        "Cost of sales": "N/A",
        "Enterprise cost management": 74261,
        "Total Operating Expenses": 74261,
        "Total revenue financing activities": "N/A",
        "Net profit from business activities": -8095,
        "Profit": 48139,
        "Profit before tax": 40044,
        "Present corporate income tax expenses": "N/A",
        "Deferred income taxes expenses": "N/A",
        "The interests of minority shareholders": 1438,
        "Total Cost of profits": 1438,
        "Profit after tax corporate income": 31567,
        "Volume": 117276895,
        "Close of Quarter": 23.6,
        "EPS": 1140,
        "Non-adjusted EPS": 1140,
        "PE": 20.7,
        "Book Price": 16.9
      }
    },
    {
      "quarter": "Q1 2016",
      "income status": {
        "Net sales": 304846,
        "Cost of goods sold": 218263,
        "Gross Profit": 86583,
        "Financial expenses": "N/A",
        "Of which: Interest expense": "N/A",
        "Cost of sales": "N/A",
        "Enterprise cost management": 74377,
        "Total Operating Expenses": 74377,
        "Total revenue financing activities": "N/A",
        "Net profit from business activities": 12206,
        "Profit": 41335,
        "Profit before tax": 53542,
        "Present corporate income tax expenses": "N/A",
        "Deferred income taxes expenses": "N/A",
        "The interests of minority shareholders": 2351,
        "Total Cost of profits": 2351,
        "Profit after tax corporate income": 38912,
        "Volume": 117276895,
        "Close of Quarter": 19.7,
        "EPS": 1035,
        "Non-adjusted EPS": 1035,
        "PE": 19.0,
        "Book Price": 17.3
      }
    },
    {
      "quarter": "Q4 2015",
      "income status": {
        "Net sales": 300589,
        "Cost of goods sold": 213756,
        "Gross Profit": 86832,
        "Financial expenses": "N/A",
        "Of which: Interest expense": "N/A",
        "Cost of sales": "N/A",
        "Enterprise cost management": 76707,
        "Total Operating Expenses": 76707,
        "Total revenue financing activities": "N/A",
        "Net profit from business activities": 10125,
        "Profit": 53223,
        "Profit before tax": 63348,
        "Present corporate income tax expenses": "N/A",
        "Deferred income taxes expenses": "N/A",
        "The interests of minority shareholders": 3438,
        "Total Cost of profits": 3438,
        "Profit after tax corporate income": 51117,
        "Volume": 76229982,
        "Close of Quarter": 17.7,
        "EPS": 981.5,
        "Non-adjusted EPS": 1510,
        "PE": 11.7,
        "Book Price": 17.0
      }
    },
    {
      "quarter": "Q3 2015",
      "income status": {
        "Net sales": 267177,
        "Cost of goods sold": 219197,
        "Gross Profit": 47980,
        "Financial expenses": "N/A",
        "Of which: Interest expense": "N/A",
        "Cost of sales": "N/A",
        "Enterprise cost management": 57697,
        "Total Operating Expenses": 57697,
        "Total revenue financing activities": "N/A",
        "Net profit from business activities": -9717,
        "Profit": 29199,
        "Profit before tax": 19482,
        "Present corporate income tax expenses": "N/A",
        "Deferred income taxes expenses": "N/A",
        "The interests of minority shareholders": 1750,
        "Total Cost of profits": 1750,
        "Profit after tax corporate income": 12067,
        "Volume": 76229982,
        "Close of Quarter": 21.7,
        "EPS": 728,
        "Non-adjusted EPS": 1120,
        "PE": 19.4,
        "Book Price": 7.5
      }
    },
    {
      "quarter": "Q2 2015",
      "income status": {
        "Net sales": 271239,
        "Cost of goods sold": 207469,
        "Gross Profit": 63770,
        "Financial expenses": "N/A",
        "Of which: Interest expense": "N/A",
        "Cost of sales": "N/A",
        "Enterprise cost management": 70725,
        "Total Operating Expenses": 70725,
        "Total revenue financing activities": "N/A",
        "Net profit from business activities": -6955,
        "Profit": 36982,
        "Profit before tax": 30027,
        "Present corporate income tax expenses": "N/A",
        "Deferred income taxes expenses": "N/A",
        "The interests of minority shareholders": 3418,
        "Total Cost of profits": 3418,
        "Profit after tax corporate income": 19259,
        "Volume": 76229982,
        "Close of Quarter": 16.1,
        "EPS": 885.3,
        "Non-adjusted EPS": 1362,
        "PE": 11.8,
        "Book Price": 7.5
      }
    },
    {
      "quarter": "Q1 2015",
      "income status": {
        "Net sales": 227036,
        "Cost of goods sold": 170964,
        "Gross Profit": 56073,
        "Financial expenses": "N/A",
        "Of which: Interest expense": "N/A",
        "Cost of sales": "N/A",
        "Enterprise cost management": 34360,
        "Total Operating Expenses": 34360,
        "Total revenue financing activities": "N/A",
        "Net profit from business activities": 21712,
        "Profit": 22575,
        "Profit before tax": 44287,
        "Present corporate income tax expenses": "N/A",
        "Deferred income taxes expenses": "N/A",
        "The interests of minority shareholders": 2470,
        "Total Cost of profits": 2470,
        "Profit after tax corporate income": 32643,
        "Volume": 76229982,
        "Close of Quarter": 14.7,
        "EPS": 922.4,
        "Non-adjusted EPS": 1419,
        "PE": 10.4,
        "Book Price": 8
      }
    },
    {
      "quarter": "Q4 2014",
      "income status": {
        "Net sales": 247334,
        "Cost of goods sold": 158960,
        "Gross Profit": 88373,
        "Financial expenses": "N/A",
        "Of which: Interest expense": "N/A",
        "Cost of sales": "N/A",
        "Enterprise cost management": 89495,
        "Total Operating Expenses": 89495,
        "Total revenue financing activities": "N/A",
        "Net profit from business activities": -1122,
        "Profit": 31636,
        "Profit before tax": 30514,
        "Present corporate income tax expenses": "N/A",
        "Deferred income taxes expenses": "N/A",
        "The interests of minority shareholders": 1496,
        "Total Cost of profits": 1496,
        "Profit after tax corporate income": 21437,
        "Volume": 76229982,
        "Close of Quarter": 12.0,
        "EPS": 854.1,
        "Non-adjusted EPS": 1314,
        "PE": 9.1,
        "Book Price": 7.7
      }
    },
    {
      "quarter": "Q3 2014",
      "income status": {
        "Net sales": 204546,
        "Cost of goods sold": 151561,
        "Gross Profit": 52985,
        "Financial expenses": "N/A",
        "Of which: Interest expense": "N/A",
        "Cost of sales": "N/A",
        "Enterprise cost management": 38238,
        "Total Operating Expenses": 38238,
        "Total revenue financing activities": "N/A",
        "Net profit from business activities": 14747,
        "Profit": 25557,
        "Profit before tax": 40304,
        "Present corporate income tax expenses": "N/A",
        "Deferred income taxes expenses": "N/A",
        "The interests of minority shareholders": 1525,
        "Total Cost of profits": 1525,
        "Profit after tax corporate income": 30460,
        "Volume": 76229982,
        "Close of Quarter": 12.5,
        "EPS": 857.4,
        "Non-adjusted EPS": 1319,
        "PE": 9.5,
        "Book Price": 7.6
      }
    },
    {
      "quarter": "Q2 2014",
      "income status": {
        "Net sales": 196944,
        "Cost of goods sold": 128319,
        "Gross Profit": 68625,
        "Financial expenses": "N/A",
        "Of which: Interest expense": "N/A",
        "Cost of sales": "N/A",
        "Enterprise cost management": 60326,
        "Total Operating Expenses": 60326,
        "Total revenue financing activities": "N/A",
        "Net profit from business activities": 8299,
        "Profit": 25194,
        "Profit before tax": 33492,
        "Present corporate income tax expenses": "N/A",
        "Deferred income taxes expenses": "N/A",
        "The interests of minority shareholders": 2453,
        "Total Cost of profits": 2453,
        "Profit after tax corporate income": 23647,
        "Volume": 69300000,
        "Close of Quarter": 8.9,
        "EPS": 868.6,
        "Non-adjusted EPS": 1470,
        "PE": 6.0,
        "Book Price": 7.4
      }
    },
    {
      "quarter": "Q1 2014",
      "income status": {
        "Net sales": 149548,
        "Cost of goods sold": 110477,
        "Gross Profit": 39071,
        "Financial expenses": "N/A",
        "Of which: Interest expense": "N/A",
        "Cost of sales": "N/A",
        "Enterprise cost management": 44346,
        "Total Operating Expenses": 44346,
        "Total revenue financing activities": "N/A",
        "Net profit from business activities": -5275,
        "Profit": 38985,
        "Profit before tax": 33710,
        "Present corporate income tax expenses": "N/A",
        "Deferred income taxes expenses": "N/A",
        "The interests of minority shareholders": 1699,
        "Total Cost of profits": 1699,
        "Profit after tax corporate income": 24606,
        "Volume": 66000000,
        "Close of Quarter": 12.1,
        "EPS": 828.4,
        "Non-adjusted EPS": 1472,
        "PE": 8.3,
        "Book Price": 7.2
      }
    },
    {
      "quarter": "Q4 2013",
      "income status": {
        "Net sales": 201449,
        "Cost of goods sold": 134213,
        "Gross Profit": 67237,
        "Financial expenses": "N/A",
        "Of which: Interest expense": "N/A",
        "Cost of sales": "N/A",
        "Enterprise cost management": 74013,
        "Total Operating Expenses": 74013,
        "Total revenue financing activities": "N/A",
        "Net profit from business activities": -6776,
        "Profit": 32930,
        "Profit before tax": 26154,
        "Present corporate income tax expenses": "N/A",
        "Deferred income taxes expenses": "N/A",
        "The interests of minority shareholders": -817,
        "Total Cost of profits": -817,
        "Profit after tax corporate income": 21858,
        "Volume": 66000000,
        "Close of Quarter": 10.4,
        "EPS": 813.8,
        "Non-adjusted EPS": 1446,
        "PE": 7.2,
        "Book Price": 6.8
      }
    },
    {
      "quarter": "Q3 2013",
      "income status": {
        "Net sales": 186783,
        "Cost of goods sold": 117714,
        "Gross Profit": 69070,
        "Financial expenses": "N/A",
        "Of which: Interest expense": "N/A",
        "Cost of sales": "N/A",
        "Enterprise cost management": 58885,
        "Total Operating Expenses": 58885,
        "Total revenue financing activities": "N/A",
        "Net profit from business activities": 10184,
        "Profit": 33556,
        "Profit before tax": 43740,
        "Present corporate income tax expenses": "N/A",
        "Deferred income taxes expenses": "N/A",
        "The interests of minority shareholders": 1788,
        "Total Cost of profits": 1788,
        "Profit after tax corporate income": 31776,
        "Volume": 66000000,
        "Close of Quarter": 7.3,
        "EPS": 830.1,
        "Non-adjusted EPS": 1475,
        "PE": 5.0,
        "Book Price": 6.6
      }
    },
    {
      "quarter": "Q2 2013",
      "income status": {
        "Net sales": 161333,
        "Cost of goods sold": 99416,
        "Gross Profit": 61917,
        "Financial expenses": "N/A",
        "Of which: Interest expense": "N/A",
        "Cost of sales": "N/A",
        "Enterprise cost management": 67572,
        "Total Operating Expenses": 67572,
        "Total revenue financing activities": "N/A",
        "Net profit from business activities": -5655,
        "Profit": 28628,
        "Profit before tax": 22973,
        "Present corporate income tax expenses": "N/A",
        "Deferred income taxes expenses": "N/A",
        "The interests of minority shareholders": "N/A",
        "Total Cost of profits": 0,
        "Profit after tax corporate income": 18886,
        "Volume": 66000000,
        "Close of Quarter": 8.1,
        "EPS": 733.3,
        "Non-adjusted EPS": 1303,
        "PE": 6.2,
        "Book Price": 6.3
      }
    },
    {
      "quarter": "Q1 2012",
      "income status": {
        "Net sales": 127128,
        "Cost of goods sold": 94499,
        "Gross Profit": 32629,
        "Financial expenses": "N/A",
        "Of which: Interest expense": "N/A",
        "Cost of sales": "N/A",
        "Enterprise cost management": 36072,
        "Total Operating Expenses": 36072,
        "Total revenue financing activities": "N/A",
        "Net profit from business activities": -3443,
        "Profit": 33831,
        "Profit before tax": 30389,
        "Present corporate income tax expenses": "N/A",
        "Deferred income taxes expenses": "N/A",
        "The interests of minority shareholders": "N/A",
        "Total Cost of profits": 0,
        "Profit after tax corporate income": 22917,
        "Volume": 65000000,
        "Close of Quarter": 5.3,
        "EPS": 698.9,
        "Non-adjusted EPS": 1261,
        "PE": 4.2,
        "Book Price": 6.6
      }
    },
    {
      "quarter": "Q4 2011",
      "income status": {
        "Net sales": 132571,
        "Cost of goods sold": 87070,
        "Gross Profit": 45501,
        "Financial expenses": "N/A",
        "Of which: Interest expense": "N/A",
        "Cost of sales": "N/A",
        "Enterprise cost management": 94598,
        "Total Operating Expenses": 94598,
        "Total revenue financing activities": "N/A",
        "Net profit from business activities": -49097,
        "Profit": 78055,
        "Profit before tax": 28958,
        "Present corporate income tax expenses": "N/A",
        "Deferred income taxes expenses": "N/A",
        "The interests of minority shareholders": "N/A",
        "Total Cost of profits": 0,
        "Profit after tax corporate income": 23793,
        "Volume": 66000000,
        "Close of Quarter": 3.9,
        "EPS": 673.6,
        "Non-adjusted EPS": 1197,
        "PE": 3.3,
        "Book Price": 6.4
      }
    },
    {
      "quarter": "Q3 2011",
      "income status": {
        "Net sales": 108506,
        "Cost of goods sold": 86280,
        "Gross Profit": 22226,
        "Financial expenses": "N/A",
        "Of which: Interest expense": "N/A",
        "Cost of sales": "N/A",
        "Enterprise cost management": 4680,
        "Total Operating Expenses": 4680,
        "Total revenue financing activities": "N/A",
        "Net profit from business activities": 17546,
        "Profit": 8013,
        "Profit before tax": 25559,
        "Present corporate income tax expenses": "N/A",
        "Deferred income taxes expenses": "N/A",
        "The interests of minority shareholders": "N/A",
        "Total Cost of profits": 0,
        "Profit after tax corporate income": 20398,
        "Volume": 66000000,
        "Close of Quarter": 4.9,
        "EPS": 624.1,
        "Non-adjusted EPS": 1109,
        "PE": 4.5,
        "Book Price": 6.3
      }
    },
    {
      "quarter": "Q2 2011",
      "income status": {
        "Net sales": 112416,
        "Cost of goods sold": 83891,
        "Gross Profit": 28525,
        "Financial expenses": "N/A",
        "Of which: Interest expense": "N/A",
        "Cost of sales": "N/A",
        "Enterprise cost management": 42599,
        "Total Operating Expenses": 42599,
        "Total revenue financing activities": "N/A",
        "Net profit from business activities": -14074,
        "Profit": 33240,
        "Profit before tax": 19167,
        "Present corporate income tax expenses": "N/A",
        "Deferred income taxes expenses": "N/A",
        "The interests of minority shareholders": "N/A",
        "Total Cost of profits": 0,
        "Profit after tax corporate income": 14857,
        "Volume": 66000000,
        "Close of Quarter": "N/A",
        "EPS": 450.2,
        "Non-adjusted EPS": 800,
        "PE": "N/A",
        "Book Price": 6.1
      }
    },
    {
      "quarter": "Q1 2011",
      "income status": {
        "Net sales": 108286,
        "Cost of goods sold": 67612,
        "Gross Profit": 40674,
        "Financial expenses": "N/A",
        "Of which: Interest expense": "N/A",
        "Cost of sales": "N/A",
        "Enterprise cost management": 38343,
        "Total Operating Expenses": 38343,
        "Total revenue financing activities": "N/A",
        "Net profit from business activities": 2331,
        "Profit": 24033,
        "Profit before tax": 26365,
        "Present corporate income tax expenses": "N/A",
        "Deferred income taxes expenses": "N/A",
        "The interests of minority shareholders": "N/A",
        "Total Cost of profits": 0,
        "Profit after tax corporate income": 19946,
        "Volume": 66000000,
        "Close of Quarter": "N/A",
        "EPS": 323.6,
        "Non-adjusted EPS": 575,
        "PE": "N/A",
        "Book Price": 6.0
      }
    },
    {
      "quarter": "Q4 2010",
      "income status": {
        "Net sales": 113613,
        "Cost of goods sold": 61796,
        "Gross Profit": 51816,
        "Financial expenses": "N/A",
        "Of which: Interest expense": "N/A",
        "Cost of sales": "N/A",
        "Enterprise cost management": 37100,
        "Total Operating Expenses": 37100,
        "Total revenue financing activities": "N/A",
        "Net profit from business activities": 14716,
        "Profit": 11397,
        "Profit before tax": 26114,
        "Present corporate income tax expenses": "N/A",
        "Deferred income taxes expenses": "N/A",
        "The interests of minority shareholders": "N/A",
        "Total Cost of profits": 0,
        "Profit after tax corporate income": 18002,
        "Volume": 66000000,
        "Close of Quarter": "N/A",
        "EPS": 153.6,
        "Non-adjusted EPS": 273,
        "PE": "N/A",
        "Book Price": 5.8
      }
    }
  ]
}