{
  "ticker": "VNL",
  "data": [
    {
      "quarter": "Q1 2017",
      "income status": {
        "Net sales": 188462,
        "Cost of goods sold": 181356,
        "Gross Profit": 7106,
        "Financial expenses": 673,
        "Of which: Interest expense": "N/A",
        "Cost of sales": "N/A",
        "Enterprise cost management": 3398,
        "Total Operating Expenses": 4071,
        "Total revenue financing activities": 1689,
        "Net profit from business activities": 6892,
        "Profit": "N/A",
        "Profit before tax": 6892,
        "Present corporate income tax expenses": 880,
        "Deferred income taxes expenses": "N/A",
        "The interests of minority shareholders": "N/A",
        "Total Cost of profits": 880,
        "Profit after tax corporate income": 6013,
        "Volume": 9000000,
        "Close of Quarter": 24.5,
        "EPS": 2758,
        "Non-adjusted EPS": 2758,
        "PE": 8.9,
        "Book Price": 21.8
      }
    },
    {
      "quarter": "Q4 2016",
      "income status": {
        "Net sales": 199349,
        "Cost of goods sold": 195060,
        "Gross Profit": 4289,
        "Financial expenses": 2050,
        "Of which: Interest expense": "N/A",
        "Cost of sales": "N/A",
        "Enterprise cost management": 4506,
        "Total Operating Expenses": 6556,
        "Total revenue financing activities": 3975,
        "Net profit from business activities": 3507,
        "Profit": "N/A",
        "Profit before tax": 3507,
        "Present corporate income tax expenses": 1631,
        "Deferred income taxes expenses": "N/A",
        "The interests of minority shareholders": "N/A",
        "Total Cost of profits": 1631,
        "Profit after tax corporate income": 1876,
        "Volume": 9000000,
        "Close of Quarter": 24.2,
        "EPS": 2590,
        "Non-adjusted EPS": 2590,
        "PE": 9.3,
        "Book Price": 21.2
      }
    },
    {
      "quarter": "Q3 2016",
      "income status": {
        "Net sales": 181869,
        "Cost of goods sold": 172324,
        "Gross Profit": 9545,
        "Financial expenses": 825,
        "Of which: Interest expense": "N/A",
        "Cost of sales": "N/A",
        "Enterprise cost management": 3206,
        "Total Operating Expenses": 4031,
        "Total revenue financing activities": 1839,
        "Net profit from business activities": 9541,
        "Profit": "N/A",
        "Profit before tax": 9541,
        "Present corporate income tax expenses": 1147,
        "Deferred income taxes expenses": "N/A",
        "The interests of minority shareholders": "N/A",
        "Total Cost of profits": 1147,
        "Profit after tax corporate income": 8394,
        "Volume": 9000000,
        "Close of Quarter": 24.0,
        "EPS": 2700,
        "Non-adjusted EPS": 2700,
        "PE": 8.9,
        "Book Price": 20.9
      }
    },
    {
      "quarter": "Q2 2016",
      "income status": {
        "Net sales": 173032,
        "Cost of goods sold": 162567,
        "Gross Profit": 10466,
        "Financial expenses": 937,
        "Of which: Interest expense": "N/A",
        "Cost of sales": "N/A",
        "Enterprise cost management": 3708,
        "Total Operating Expenses": 4645,
        "Total revenue financing activities": 1767,
        "Net profit from business activities": 9837,
        "Profit": -1,
        "Profit before tax": 9836,
        "Present corporate income tax expenses": 1294,
        "Deferred income taxes expenses": "N/A",
        "The interests of minority shareholders": "N/A",
        "Total Cost of profits": 1294,
        "Profit after tax corporate income": 8542,
        "Volume": 9000000,
        "Close of Quarter": 24.1,
        "EPS": 3063,
        "Non-adjusted EPS": 3063,
        "PE": 7.9,
        "Book Price": 20.7
      }
    },
    {
      "quarter": "Q1 2016",
      "income status": {
        "Net sales": 154540,
        "Cost of goods sold": 147876,
        "Gross Profit": 6663,
        "Financial expenses": 1486,
        "Of which: Interest expense": "N/A",
        "Cost of sales": "N/A",
        "Enterprise cost management": 3439,
        "Total Operating Expenses": 4925,
        "Total revenue financing activities": 1558,
        "Net profit from business activities": 5488,
        "Profit": -97,
        "Profit before tax": 5391,
        "Present corporate income tax expenses": 890,
        "Deferred income taxes expenses": "N/A",
        "The interests of minority shareholders": "N/A",
        "Total Cost of profits": 890,
        "Profit after tax corporate income": 4501,
        "Volume": 9000000,
        "Close of Quarter": 24.5,
        "EPS": 3490,
        "Non-adjusted EPS": 3490,
        "PE": 7.0,
        "Book Price": 21.3
      }
    },
    {
      "quarter": "Q4 2015",
      "income status": {
        "Net sales": 193359,
        "Cost of goods sold": 187900,
        "Gross Profit": 5458,
        "Financial expenses": 2266,
        "Of which: Interest expense": "N/A",
        "Cost of sales": "N/A",
        "Enterprise cost management": 4338,
        "Total Operating Expenses": 6604,
        "Total revenue financing activities": 6263,
        "Net profit from business activities": 7364,
        "Profit": -28,
        "Profit before tax": 7337,
        "Present corporate income tax expenses": 4471,
        "Deferred income taxes expenses": "N/A",
        "The interests of minority shareholders": "N/A",
        "Total Cost of profits": 4471,
        "Profit after tax corporate income": 2866,
        "Volume": 9000000,
        "Close of Quarter": 26.8,
        "EPS": 4063,
        "Non-adjusted EPS": 4063,
        "PE": 6.6,
        "Book Price": 21.1
      }
    },
    {
      "quarter": "Q3 2015",
      "income status": {
        "Net sales": 206957,
        "Cost of goods sold": 194871,
        "Gross Profit": 12086,
        "Financial expenses": 3332,
        "Of which: Interest expense": "N/A",
        "Cost of sales": "N/A",
        "Enterprise cost management": 3457,
        "Total Operating Expenses": 6789,
        "Total revenue financing activities": 4150,
        "Net profit from business activities": 12940,
        "Profit": 52,
        "Profit before tax": 12992,
        "Present corporate income tax expenses": 1331,
        "Deferred income taxes expenses": "N/A",
        "The interests of minority shareholders": "N/A",
        "Total Cost of profits": 1331,
        "Profit after tax corporate income": 11661,
        "Volume": 9000000,
        "Close of Quarter": 25.8,
        "EPS": 6616,
        "Non-adjusted EPS": 6616,
        "PE": 3.9,
        "Book Price": 21
      }
    },
    {
      "quarter": "Q2 2015",
      "income status": {
        "Net sales": 188345,
        "Cost of goods sold": 178513,
        "Gross Profit": 9832,
        "Financial expenses": 1513,
        "Of which: Interest expense": "N/A",
        "Cost of sales": "N/A",
        "Enterprise cost management": 3676,
        "Total Operating Expenses": 5189,
        "Total revenue financing activities": 4089,
        "Net profit from business activities": 13451,
        "Profit": "N/A",
        "Profit before tax": 13451,
        "Present corporate income tax expenses": 1066,
        "Deferred income taxes expenses": "N/A",
        "The interests of minority shareholders": "N/A",
        "Total Cost of profits": 1066,
        "Profit after tax corporate income": 12385,
        "Volume": 9000000,
        "Close of Quarter": 24.1,
        "EPS": 6502,
        "Non-adjusted EPS": 6502,
        "PE": 3.7,
        "Book Price": 19.8
      }
    },
    {
      "quarter": "Q1 2015",
      "income status": {
        "Net sales": 158650,
        "Cost of goods sold": 151408,
        "Gross Profit": 7241,
        "Financial expenses": 1286,
        "Of which: Interest expense": "N/A",
        "Cost of sales": "N/A",
        "Enterprise cost management": 2965,
        "Total Operating Expenses": 4251,
        "Total revenue financing activities": 2127,
        "Net profit from business activities": 10550,
        "Profit": "N/A",
        "Profit before tax": 10550,
        "Present corporate income tax expenses": 893,
        "Deferred income taxes expenses": "N/A",
        "The interests of minority shareholders": "N/A",
        "Total Cost of profits": 893,
        "Profit after tax corporate income": 9657,
        "Volume": 9000000,
        "Close of Quarter": 21.2,
        "EPS": 6185,
        "Non-adjusted EPS": 6185,
        "PE": 3.4,
        "Book Price": 20.9
      }
    },
    {
      "quarter": "Q4 2014",
      "income status": {
        "Net sales": 186501,
        "Cost of goods sold": 181818,
        "Gross Profit": 4683,
        "Financial expenses": 1194,
        "Of which: Interest expense": "N/A",
        "Cost of sales": "N/A",
        "Enterprise cost management": 4014,
        "Total Operating Expenses": 5208,
        "Total revenue financing activities": 1625,
        "Net profit from business activities": 32452,
        "Profit": 19,
        "Profit before tax": 32470,
        "Present corporate income tax expenses": 6632,
        "Deferred income taxes expenses": "N/A",
        "The interests of minority shareholders": "N/A",
        "Total Cost of profits": 6632,
        "Profit after tax corporate income": 25838,
        "Volume": 9000000,
        "Close of Quarter": 22.1,
        "EPS": 5827,
        "Non-adjusted EPS": 5827,
        "PE": 3.8,
        "Book Price": 19.6
      }
    },
    {
      "quarter": "Q3 2014",
      "income status": {
        "Net sales": 172699,
        "Cost of goods sold": 163843,
        "Gross Profit": 8856,
        "Financial expenses": 673,
        "Of which: Interest expense": "N/A",
        "Cost of sales": "N/A",
        "Enterprise cost management": 2876,
        "Total Operating Expenses": 3549,
        "Total revenue financing activities": 678,
        "Net profit from business activities": 11598,
        "Profit": 103,
        "Profit before tax": 11701,
        "Present corporate income tax expenses": 1062,
        "Deferred income taxes expenses": "N/A",
        "The interests of minority shareholders": "N/A",
        "Total Cost of profits": 1062,
        "Profit after tax corporate income": 10638,
        "Volume": 9000000,
        "Close of Quarter": 18.4,
        "EPS": 3469,
        "Non-adjusted EPS": 3469,
        "PE": 5.3,
        "Book Price": 18.5
      }
    },
    {
      "quarter": "Q2 2014",
      "income status": {
        "Net sales": 159393,
        "Cost of goods sold": 150851,
        "Gross Profit": 8543,
        "Financial expenses": 1714,
        "Of which: Interest expense": "N/A",
        "Cost of sales": "N/A",
        "Enterprise cost management": 3611,
        "Total Operating Expenses": 5325,
        "Total revenue financing activities": 3162,
        "Net profit from business activities": 10506,
        "Profit": -31,
        "Profit before tax": 10474,
        "Present corporate income tax expenses": 941,
        "Deferred income taxes expenses": "N/A",
        "The interests of minority shareholders": "N/A",
        "Total Cost of profits": 941,
        "Profit after tax corporate income": 9533,
        "Volume": 9000000,
        "Close of Quarter": 14.9,
        "EPS": 3381,
        "Non-adjusted EPS": 3381,
        "PE": 4.4,
        "Book Price": 17.8
      }
    },
    {
      "quarter": "Q1 2014",
      "income status": {
        "Net sales": 149778,
        "Cost of goods sold": 142649,
        "Gross Profit": 7129,
        "Financial expenses": 3880,
        "Of which: Interest expense": "N/A",
        "Cost of sales": "N/A",
        "Enterprise cost management": 2714,
        "Total Operating Expenses": 6594,
        "Total revenue financing activities": 2825,
        "Net profit from business activities": 7280,
        "Profit": "N/A",
        "Profit before tax": 7280,
        "Present corporate income tax expenses": 850,
        "Deferred income taxes expenses": "N/A",
        "The interests of minority shareholders": "N/A",
        "Total Cost of profits": 850,
        "Profit after tax corporate income": 6430,
        "Volume": 9000000,
        "Close of Quarter": 14.2,
        "EPS": 3088,
        "Non-adjusted EPS": 3088,
        "PE": 4.6,
        "Book Price": 18.9
      }
    },
    {
      "quarter": "Q4 2013",
      "income status": {
        "Net sales": 172250,
        "Cost of goods sold": 166809,
        "Gross Profit": 5441,
        "Financial expenses": 2804,
        "Of which: Interest expense": "N/A",
        "Cost of sales": "N/A",
        "Enterprise cost management": 3896,
        "Total Operating Expenses": 6700,
        "Total revenue financing activities": 4205,
        "Net profit from business activities": 2947,
        "Profit": "N/A",
        "Profit before tax": 5853,
        "Present corporate income tax expenses": 1236,
        "Deferred income taxes expenses": "N/A",
        "The interests of minority shareholders": "N/A",
        "Total Cost of profits": 1236,
        "Profit after tax corporate income": 4617,
        "Volume": 9000000,
        "Close of Quarter": 11.3,
        "EPS": 2999,
        "Non-adjusted EPS": 2999,
        "PE": 3.8,
        "Book Price": 17.3
      }
    },
    {
      "quarter": "Q3 2013",
      "income status": {
        "Net sales": 158823,
        "Cost of goods sold": 149912,
        "Gross Profit": 8911,
        "Financial expenses": 2464,
        "Of which: Interest expense": "N/A",
        "Cost of sales": "N/A",
        "Enterprise cost management": 2544,
        "Total Operating Expenses": 5008,
        "Total revenue financing activities": 2435,
        "Net profit from business activities": 6338,
        "Profit": "N/A",
        "Profit before tax": 10769,
        "Present corporate income tax expenses": 924,
        "Deferred income taxes expenses": "N/A",
        "The interests of minority shareholders": "N/A",
        "Total Cost of profits": 924,
        "Profit after tax corporate income": 9845,
        "Volume": 9000000,
        "Close of Quarter": 10.4,
        "EPS": 2657,
        "Non-adjusted EPS": 2657,
        "PE": 3.9,
        "Book Price": 17.3
      }
    },
    {
      "quarter": "Q2 2013",
      "income status": {
        "Net sales": 141829,
        "Cost of goods sold": 135283,
        "Gross Profit": 6546,
        "Financial expenses": 1759,
        "Of which: Interest expense": "N/A",
        "Cost of sales": "N/A",
        "Enterprise cost management": 3211,
        "Total Operating Expenses": 4970,
        "Total revenue financing activities": 2447,
        "Net profit from business activities": 4023,
        "Profit": 285,
        "Profit before tax": 7872,
        "Present corporate income tax expenses": 972,
        "Deferred income taxes expenses": "N/A",
        "The interests of minority shareholders": "N/A",
        "Total Cost of profits": 972,
        "Profit after tax corporate income": 6900,
        "Volume": 9000000,
        "Close of Quarter": 9.5,
        "EPS": 2545,
        "Non-adjusted EPS": 2545,
        "PE": 3.7,
        "Book Price": 17.2
      }
    },
    {
      "quarter": "Q1 2013",
      "income status": {
        "Net sales": 110053,
        "Cost of goods sold": 103214,
        "Gross Profit": 6840,
        "Financial expenses": 3233,
        "Of which: Interest expense": "N/A",
        "Cost of sales": "N/A",
        "Enterprise cost management": 2897,
        "Total Operating Expenses": 6130,
        "Total revenue financing activities": 2286,
        "Net profit from business activities": 2995,
        "Profit": -3,
        "Profit before tax": 6471,
        "Present corporate income tax expenses": 844,
        "Deferred income taxes expenses": "N/A",
        "The interests of minority shareholders": "N/A",
        "Total Cost of profits": 844,
        "Profit after tax corporate income": 5627,
        "Volume": 9000000,
        "Close of Quarter": 7.9,
        "EPS": 2321,
        "Non-adjusted EPS": 2321,
        "PE": 3.4,
        "Book Price": 17.3
      }
    },
    {
      "quarter": "Q4 2012",
      "income status": {
        "Net sales": 131975,
        "Cost of goods sold": 126941,
        "Gross Profit": 5034,
        "Financial expenses": 2008,
        "Of which: Interest expense": "N/A",
        "Cost of sales": "N/A",
        "Enterprise cost management": 3612,
        "Total Operating Expenses": 5620,
        "Total revenue financing activities": 3397,
        "Net profit from business activities": 2812,
        "Profit": "N/A",
        "Profit before tax": 2812,
        "Present corporate income tax expenses": 1268,
        "Deferred income taxes expenses": "N/A",
        "The interests of minority shareholders": "N/A",
        "Total Cost of profits": 1268,
        "Profit after tax corporate income": 1544,
        "Volume": 9000000,
        "Close of Quarter": 8.2,
        "EPS": 2272,
        "Non-adjusted EPS": 2272,
        "PE": 3.6,
        "Book Price": 14.8
      }
    },
    {
      "quarter": "Q3 2012",
      "income status": {
        "Net sales": 62048,
        "Cost of goods sold": 60180,
        "Gross Profit": 1868,
        "Financial expenses": 874,
        "Of which: Interest expense": "N/A",
        "Cost of sales": "N/A",
        "Enterprise cost management": 2244,
        "Total Operating Expenses": 3118,
        "Total revenue financing activities": 11126,
        "Net profit from business activities": 9875,
        "Profit": "N/A",
        "Profit before tax": 9875,
        "Present corporate income tax expenses": 1037,
        "Deferred income taxes expenses": "N/A",
        "The interests of minority shareholders": "N/A",
        "Total Cost of profits": 1037,
        "Profit after tax corporate income": 8838,
        "Volume": 9000000,
        "Close of Quarter": 8.3,
        "EPS": 2885,
        "Non-adjusted EPS": 2885,
        "PE": 2.9,
        "Book Price": 13.8
      }
    },
    {
      "quarter": "Q2 2012",
      "income status": {
        "Net sales": 110657,
        "Cost of goods sold": 104521,
        "Gross Profit": 6136,
        "Financial expenses": 1147,
        "Of which: Interest expense": "N/A",
        "Cost of sales": "N/A",
        "Enterprise cost management": 2317,
        "Total Operating Expenses": 3464,
        "Total revenue financing activities": 3257,
        "Net profit from business activities": 5929,
        "Profit": "N/A",
        "Profit before tax": 5929,
        "Present corporate income tax expenses": 1048,
        "Deferred income taxes expenses": "N/A",
        "The interests of minority shareholders": "N/A",
        "Total Cost of profits": 1048,
        "Profit after tax corporate income": 4881,
        "Volume": 9000000,
        "Close of Quarter": 7.9,
        "EPS": 3083,
        "Non-adjusted EPS": 3083,
        "PE": 2.6,
        "Book Price": 14.2
      }
    },
    {
      "quarter": "Q1 2012",
      "income status": {
        "Net sales": 100702,
        "Cost of goods sold": 94650,
        "Gross Profit": 6052,
        "Financial expenses": 2175,
        "Of which: Interest expense": "N/A",
        "Cost of sales": "N/A",
        "Enterprise cost management": 2514,
        "Total Operating Expenses": 4689,
        "Total revenue financing activities": 4833,
        "Net profit from business activities": 6196,
        "Profit": "N/A",
        "Profit before tax": 6196,
        "Present corporate income tax expenses": 1007,
        "Deferred income taxes expenses": "N/A",
        "The interests of minority shareholders": "N/A",
        "Total Cost of profits": 1007,
        "Profit after tax corporate income": 5189,
        "Volume": 9000000,
        "Close of Quarter": 7.6,
        "EPS": 3402,
        "Non-adjusted EPS": 3402,
        "PE": 2.2,
        "Book Price": 14.8
      }
    },
    {
      "quarter": "Q4 2011",
      "income status": {
        "Net sales": 116223,
        "Cost of goods sold": 112676,
        "Gross Profit": 3547,
        "Financial expenses": 2005,
        "Of which: Interest expense": "N/A",
        "Cost of sales": "N/A",
        "Enterprise cost management": 3168,
        "Total Operating Expenses": 5173,
        "Total revenue financing activities": 6561,
        "Net profit from business activities": 4935,
        "Profit": 3051,
        "Profit before tax": 7986,
        "Present corporate income tax expenses": 932,
        "Deferred income taxes expenses": "N/A",
        "The interests of minority shareholders": "N/A",
        "Total Cost of profits": 932,
        "Profit after tax corporate income": 7055,
        "Volume": 9000000,
        "Close of Quarter": 6.6,
        "EPS": 3202,
        "Non-adjusted EPS": 3202,
        "PE": 2.1,
        "Book Price": 14.5
      }
    },
    {
      "quarter": "Q3 2011",
      "income status": {
        "Net sales": 103634,
        "Cost of goods sold": 96671,
        "Gross Profit": 6963,
        "Financial expenses": 1619,
        "Of which: Interest expense": "N/A",
        "Cost of sales": "N/A",
        "Enterprise cost management": 2902,
        "Total Operating Expenses": 4521,
        "Total revenue financing activities": 8877,
        "Net profit from business activities": 11319,
        "Profit": 64,
        "Profit before tax": 11384,
        "Present corporate income tax expenses": 761,
        "Deferred income taxes expenses": "N/A",
        "The interests of minority shareholders": "N/A",
        "Total Cost of profits": 761,
        "Profit after tax corporate income": 10623,
        "Volume": 9000000,
        "Close of Quarter": 7,
        "EPS": 2724,
        "Non-adjusted EPS": 2724,
        "PE": 2.6,
        "Book Price": 13.7
      }
    },
    {
      "quarter": "Q2 2011",
      "income status": {
        "Net sales": 105660,
        "Cost of goods sold": 97736,
        "Gross Profit": 7924,
        "Financial expenses": 2026,
        "Of which: Interest expense": "N/A",
        "Cost of sales": "N/A",
        "Enterprise cost management": 2372,
        "Total Operating Expenses": 4398,
        "Total revenue financing activities": 5065,
        "Net profit from business activities": 8592,
        "Profit": "N/A",
        "Profit before tax": 8592,
        "Present corporate income tax expenses": 845,
        "Deferred income taxes expenses": "N/A",
        "The interests of minority shareholders": "N/A",
        "Total Cost of profits": 845,
        "Profit after tax corporate income": 7747,
        "Volume": 9000000,
        "Close of Quarter": 6.7,
        "EPS": 2453,
        "Non-adjusted EPS": 2453,
        "PE": 2.7,
        "Book Price": 13.2
      }
    },
    {
      "quarter": "Q1 2011",
      "income status": {
        "Net sales": 78861,
        "Cost of goods sold": 73505,
        "Gross Profit": 5356,
        "Financial expenses": 4503,
        "Of which: Interest expense": "N/A",
        "Cost of sales": "N/A",
        "Enterprise cost management": 2191,
        "Total Operating Expenses": 6694,
        "Total revenue financing activities": 5363,
        "Net profit from business activities": 4025,
        "Profit": "N/A",
        "Profit before tax": 4025,
        "Present corporate income tax expenses": 631,
        "Deferred income taxes expenses": "N/A",
        "The interests of minority shareholders": "N/A",
        "Total Cost of profits": 631,
        "Profit after tax corporate income": 3394,
        "Volume": 9000000,
        "Close of Quarter": 7.1,
        "EPS": 2474,
        "Non-adjusted EPS": 2474,
        "PE": 2.9,
        "Book Price": 13.6
      }
    },
    {
      "quarter": "Q4 2010",
      "income status": {
        "Net sales": 96658,
        "Cost of goods sold": 94329,
        "Gross Profit": 2329,
        "Financial expenses": 4459,
        "Of which: Interest expense": "N/A",
        "Cost of sales": 3007,
        "Enterprise cost management": "N/A",
        "Total Operating Expenses": 7466,
        "Total revenue financing activities": 9047,
        "Net profit from business activities": 3911,
        "Profit": "N/A",
        "Profit before tax": 3911,
        "Present corporate income tax expenses": 1160,
        "Deferred income taxes expenses": "N/A",
        "The interests of minority shareholders": "N/A",
        "Total Cost of profits": 1160,
        "Profit after tax corporate income": 2751,
        "Volume": 9000000,
        "Close of Quarter": 8.3,
        "EPS": 2609,
        "Non-adjusted EPS": 2609,
        "PE": 3.2,
        "Book Price": 14.1
      }
    },
    {
      "quarter": "Q3 2010",
      "income status": {
        "Net sales": 105186,
        "Cost of goods sold": 98780,
        "Gross Profit": 6405,
        "Financial expenses": 4013,
        "Of which: Interest expense": "N/A",
        "Cost of sales": "N/A",
        "Enterprise cost management": 1957,
        "Total Operating Expenses": 5970,
        "Total revenue financing activities": 8995,
        "Net profit from business activities": 9430,
        "Profit": 15,
        "Profit before tax": 9445,
        "Present corporate income tax expenses": 1262,
        "Deferred income taxes expenses": "N/A",
        "The interests of minority shareholders": "N/A",
        "Total Cost of profits": 1262,
        "Profit after tax corporate income": 8182,
        "Volume": 9000000,
        "Close of Quarter": 7.5,
        "EPS": 2603,
        "Non-adjusted EPS": 2603,
        "PE": 2.9,
        "Book Price": 13.7
      }
    },
    {
      "quarter": "Q2 2010",
      "income status": {
        "Net sales": 87385,
        "Cost of goods sold": 79322,
        "Gross Profit": 8063,
        "Financial expenses": 2590,
        "Of which: Interest expense": "N/A",
        "Cost of sales": "N/A",
        "Enterprise cost management": 1855,
        "Total Operating Expenses": 4445,
        "Total revenue financing activities": 5113,
        "Net profit from business activities": 8730,
        "Profit": "N/A",
        "Profit before tax": 8730,
        "Present corporate income tax expenses": 793,
        "Deferred income taxes expenses": "N/A",
        "The interests of minority shareholders": "N/A",
        "Total Cost of profits": 793,
        "Profit after tax corporate income": 7937,
        "Volume": 8190000,
        "Close of Quarter": 8.4,
        "EPS": 2685.4,
        "Non-adjusted EPS": 2951,
        "PE": 2.9,
        "Book Price": 13.6
      }
    },
    {
      "quarter": "Q1 2010",
      "income status": {
        "Net sales": 64855,
        "Cost of goods sold": 60937,
        "Gross Profit": 3917,
        "Financial expenses": 2098,
        "Of which: Interest expense": "N/A",
        "Cost of sales": "N/A",
        "Enterprise cost management": 1823,
        "Total Operating Expenses": 3921,
        "Total revenue financing activities": 5211,
        "Net profit from business activities": 5208,
        "Profit": "N/A",
        "Profit before tax": 5208,
        "Present corporate income tax expenses": 597,
        "Deferred income taxes expenses": "N/A",
        "The interests of minority shareholders": "N/A",
        "Total Cost of profits": 597,
        "Profit after tax corporate income": 4611,
        "Volume": 8190000,
        "Close of Quarter": 8.2,
        "EPS": 2859.2,
        "Non-adjusted EPS": 3142,
        "PE": 2.6,
        "Book Price": 12.8
      }
    },
    {
      "quarter": "Q4 2009",
      "income status": {
        "Net sales": 67472,
        "Cost of goods sold": 63910,
        "Gross Profit": 3562,
        "Financial expenses": 2525,
        "Of which: Interest expense": "N/A",
        "Cost of sales": "N/A",
        "Enterprise cost management": 2426,
        "Total Operating Expenses": 4951,
        "Total revenue financing activities": 4818,
        "Net profit from business activities": 3430,
        "Profit": "N/A",
        "Profit before tax": 3430,
        "Present corporate income tax expenses": 735,
        "Deferred income taxes expenses": "N/A",
        "The interests of minority shareholders": "N/A",
        "Total Cost of profits": 735,
        "Profit after tax corporate income": 2695,
        "Volume": 8190000,
        "Close of Quarter": 10.1,
        "EPS": 2647.2,
        "Non-adjusted EPS": 2909,
        "PE": 3.5,
        "Book Price": 13.3
      }
    },
    {
      "quarter": "Q3 2009",
      "income status": {
        "Net sales": 61471,
        "Cost of goods sold": 55651,
        "Gross Profit": 5820,
        "Financial expenses": 2281,
        "Of which: Interest expense": "N/A",
        "Cost of sales": "N/A",
        "Enterprise cost management": 1857,
        "Total Operating Expenses": 4138,
        "Total revenue financing activities": 7927,
        "Net profit from business activities": 9608,
        "Profit": "N/A",
        "Profit before tax": 9608,
        "Present corporate income tax expenses": 683,
        "Deferred income taxes expenses": "N/A",
        "The interests of minority shareholders": "N/A",
        "Total Cost of profits": 683,
        "Profit after tax corporate income": 8926,
        "Volume": 8190000,
        "Close of Quarter": 12.5,
        "EPS": 3060.3,
        "Non-adjusted EPS": 3363,
        "PE": 3.7,
        "Book Price": 13.0
      }
    },
    {
      "quarter": "Q2 2009",
      "income status": {
        "Net sales": 58165,
        "Cost of goods sold": 53472,
        "Gross Profit": 4693,
        "Financial expenses": 1775,
        "Of which: Interest expense": "N/A",
        "Cost of sales": "N/A",
        "Enterprise cost management": 1465,
        "Total Operating Expenses": 3240,
        "Total revenue financing activities": 8743,
        "Net profit from business activities": 10196,
        "Profit": 1,
        "Profit before tax": 10197,
        "Present corporate income tax expenses": 698,
        "Deferred income taxes expenses": "N/A",
        "The interests of minority shareholders": "N/A",
        "Total Cost of profits": 698,
        "Profit after tax corporate income": 9499,
        "Volume": 8190000,
        "Close of Quarter": "N/A",
        "EPS": 2498.9,
        "Non-adjusted EPS": 2746,
        "PE": "N/A",
        "Book Price": 12.7
      }
    },
    {
      "quarter": "Q1 2009",
      "income status": {
        "Net sales": 38898,
        "Cost of goods sold": 34268,
        "Gross Profit": 4630,
        "Financial expenses": 830,
        "Of which: Interest expense": "N/A",
        "Cost of sales": "N/A",
        "Enterprise cost management": 1899,
        "Total Operating Expenses": 2729,
        "Total revenue financing activities": 1158,
        "Net profit from business activities": 3059,
        "Profit": 1,
        "Profit before tax": 3060,
        "Present corporate income tax expenses": 356,
        "Deferred income taxes expenses": "N/A",
        "The interests of minority shareholders": "N/A",
        "Total Cost of profits": 356,
        "Profit after tax corporate income": 2704,
        "Volume": 8190000,
        "Close of Quarter": "N/A",
        "EPS": 1443.3,
        "Non-adjusted EPS": 1586,
        "PE": "N/A",
        "Book Price": 12.3
      }
    },
    {
      "quarter": "Q4 2008",
      "income status": {
        "Net sales": 74871,
        "Cost of goods sold": 66318,
        "Gross Profit": 8553,
        "Financial expenses": 3879,
        "Of which: Interest expense": "N/A",
        "Cost of sales": "N/A",
        "Enterprise cost management": 2457,
        "Total Operating Expenses": 6336,
        "Total revenue financing activities": 5482,
        "Net profit from business activities": 7699,
        "Profit": "N/A",
        "Profit before tax": 7699,
        "Present corporate income tax expenses": 1287,
        "Deferred income taxes expenses": "N/A",
        "The interests of minority shareholders": "N/A",
        "Total Cost of profits": 1287,
        "Profit after tax corporate income": 6412,
        "Volume": 8190000,
        "Close of Quarter": "N/A",
        "EPS": 1143.0,
        "Non-adjusted EPS": 1256,
        "PE": "N/A",
        "Book Price": "N/A"
      }
    },
    {
      "quarter": "Q3 2008",
      "income status": {
        "Net sales": 62932,
        "Cost of goods sold": 64608,
        "Gross Profit": -1676,
        "Financial expenses": 1995,
        "Of which: Interest expense": "N/A",
        "Cost of sales": "N/A",
        "Enterprise cost management": 2156,
        "Total Operating Expenses": 4151,
        "Total revenue financing activities": 10473,
        "Net profit from business activities": 4646,
        "Profit": "N/A",
        "Profit before tax": 4646,
        "Present corporate income tax expenses": 771,
        "Deferred income taxes expenses": "N/A",
        "The interests of minority shareholders": "N/A",
        "Total Cost of profits": 771,
        "Profit after tax corporate income": 3875,
        "Volume": 8190000,
        "Close of Quarter": "N/A",
        "EPS": 430.4,
        "Non-adjusted EPS": 473,
        "PE": "N/A",
        "Book Price": "N/A"
      }
    }
  ]
}